1655 2669
158 234 217 267 45.

156 561 213 593 46.

153 888 215 922 47.

152 1216 210 1249 48.

153 1542 210 1576 49.

152 1870 209 1904 50.

150 2199 208 2234 51.

696 140 861 176 -245
912 162 956 167 -

242 232 330 274 Ergo
355 233 449 267 sicuti
473 236 550 267 tunc
573 235 646 277 pius

291 281 372 313 nihil
394 291 465 315 eras
491 284 639 324 amplius,

242 329 424 362 Clementer
450 330 519 371 ejus
542 332 694 366 misertus

287 377 350 410 cito
377 387 508 411 currens
534 380 657 423 obvius,

240 425 399 458 Miserere
424 427 472 459 sic
498 427 632 469 dignare

288 475 384 514 atque
407 474 472 507 mei
496 475 598 508 ocius.

239 560 285 592 Et
310 560 439 600 quidem
465 561 511 593 nil
537 571 573 594 eo
598 562 714 603 minus,

287 617 399 642 verum
424 609 524 641 multo
550 610 687 650 amplius

240 657 379 690 Peccavi
403 657 465 689 tibi
489 660 659 697 protervus

289 704 402 737 diebus
427 713 466 737 ac
489 706 647 745 noctibus,

238 754 292 786 Ad
308 752 435 796 bonum,
454 753 537 794 proh
550 753 652 795 nesae,
666 753 789 793 tardus,

289 801 333 834 ad
356 801 476 834 malum
500 801 771 842 promptissimus.

241 886 423 921 Justificavi
447 888 590 920 misellus

288 936 369 968 meis
393 935 591 968 facinoribus

240 984 432 1017 Peccatores
459 993 578 1027 omnes,
605 984 743 1016 mundus

286 1041 364 1074 quos
389 1034 478 1065 tenet
503 1030 714 1073 quadrifidus,

238 1080 381 1114 Proinde
404 1084 481 1121 peto
505 1082 688 1120 prostratus

286 1128 413 1161 veniam
438 1128 624 1161 sceleribus.

238 1214 327 1257 Jesu,
350 1215 417 1254 jam
443 1214 685 1255 quatriduanus,

286 1263 371 1295 bone
395 1266 516 1304 pastor,
545 1262 687 1294 Lazarus

239 1310 357 1343 Mortis
381 1311 416 1342 in
441 1311 590 1350 sepulcro
615 1309 695 1342 situs

283 1360 414 1399 jamque
438 1358 533 1391 nimis
559 1357 710 1399 foetidus,

239 1406 447 1439 Monumento
480 1414 624 1446 quamVlS
649 1414 789 1446 pressus,

283 1455 417 1496 jamjam
442 1457 568 1487 scatens
593 1453 765 1494 vermibus,

234 1541 324 1574 Ecce
341 1540 430 1580 jacet
453 1541 664 1580 interemptus

283 1588 393 1621 multis
419 1596 478 1629 pro
505 1586 701 1628 criminibus,

237 1637 326 1677 Quae
349 1636 449 1676 gessit
473 1644 491 1667 e
517 1639 628 1668 contra
651 1635 768 1667 stultus

285 1684 384 1725 signis
409 1684 644 1724 hebetissime,

235 1734 387 1767 Privatus
413 1733 501 1766 velut
525 1731 680 1765 ambobus

286 1790 357 1814 cum
382 1790 477 1814 sensu
501 1779 685 1814 inminibus

236 1869 364 1909 Freme,
391 1867 493 1901 freme
518 1868 602 1900 bone
626 1867 704 1900 Jesu

284 1926 323 1950 ac
348 1917 481 1950 turbare
505 1916 632 1957 spiritu,

235 1964 422 1998 Lacrimare
443 1965 498 2006 pio
522 1963 601 1997 fletu

284 2013 371 2046 servi
389 2023 448 2054 pro
472 2013 614 2056 interitu,

234 2062 374 2103 Propria
398 2062 452 2103 qui
477 2064 579 2093 semet
602 2069 698 2093 manu

284 2111 448 2143 interemit
468 2110 602 2150 jamdiu.

237 2198 359 2238 clama,
387 2198 500 2238 clama,
527 2197 606 2230 Jesu
632 2196 768 2241 Christe,

284 2254 364 2280 voce
387 2255 514 2288 magna,
537 2246 690 2279 Domine:

236 2294 338 2329 Prodi
364 2292 454 2339 foris,
481 2295 647 2334 tumulate,

278 2343 354 2378 veni
379 2342 476 2388 foras,
503 2343 638 2384 Lazare,

225 2393 303 2436 Exi,
340 2393 392 2425 exi
418 2395 450 2425 et
473 2392 615 2433 procede

276 2443 347 2484 J'am
375 2442 416 2475 de
439 2441 553 2474 mortis
579 2450 719 2476 carcere.

852 240 909 274 52.
933 238 969 271 Si
995 239 1182 272 clamaveris
1206 248 1267 280 me,
1295 239 1431 280 Christe,

850 564 906 598 53.

850 892 905 924 54.

849 1217 904 1249 55.

850 1543 906 1576 56.

847 1871 904 1904 57.

849 2199 904 2232 58.

982 289 1167 328 redemptor
1191 287 1343 328 piissime,

933 335 1040 368 Exibo
1065 336 1169 368 laetus
1192 338 1327 376 repente

982 393 1021 416 ac
1044 384 1217 424 procedam
1241 391 1389 424 propere,

933 430 1000 470 Que
1025 432 1091 464 vita
1115 441 1241 465 servum
1266 432 1401 465 vocante

982 478 1085 520 fugiet
1107 489 1194 512 mors
1218 480 1361 521 rapidus.

933 563 1066 605 Ligatus
1091 574 1202 598 manus
1229 568 1260 597 et
1285 566 1384 606 pedes

980 611 1158 653 faciemque
1184 614 1326 646 Lazarus

930 660 1059 693 Prodiit
1081 661 1138 693 ille
1163 662 1310 701 antiquus

980 718 1058 741 voce
1082 708 1144 740 Dei
1169 709 1302 749 excitus,

933 755 988 788 Sic
1013 765 1080 797 ego,
1102 757 1176 797 plus
1201 757 1279 789 licet
1302 757 1439 798 vinctus,

978 813 1042 837 non
1066 805 1204 844 prodibo
1229 805 1366 838 tardius.

932 890 997 922 Fili
1021 891 1094 931 Dei,
1122 892 1258 934 Christe,
1285 892 1361 932 vivi,

978 939 1058 978 jube
1081 939 1129 970 tui
1153 938 1271 971 Lazari

934 986 1048 1027 Pedes,
1074 995 1196 1027 manus,
1224 996 1281 1019 ora
1304 987 1385 1020 solvi

978 1037 1010 1066 et
1034 1033 1125 1067 abire
1151 1034 1253 1067 desini

931 1081 976 1113 Et
1000 1081 1143 1122 vestigiis
1168 1083 1297 1115 advolvi

979 1130 1029 1162 sui
1053 1130 1154 1163 sacris
1177 1130 1316 1164 Domini.

931 1215 1014 1255 Quin
1039 1215 1098 1248 tibi
1123 1219 1241 1257 tuoque
1265 1218 1362 1259 patri,

979 1264 1055 1304 quin
1079 1267 1190 1297 sancto
1215 1265 1353 1308 spiritui,

934 1311 1032 1344 Trino
1057 1311 1127 1345 Deo
1153 1316 1249 1353 atque
1272 1313 1329 1344 uni

979 1360 1086 1400 corde,
1113 1369 1168 1392 ore
1192 1361 1332 1401 supplici

933 1407 1048 1441 Grates
1073 1411 1148 1448 agat
1172 1417 1250 1440 voce
1275 1409 1334 1441 tali

979 1455 1100 1488 honore
1124 1456 1183 1488 sub
1208 1456 1348 1496 triplici:

931 1541 1128 1574 Benedictus
1148 1542 1192 1574 sit
1217 1543 1361 1575 excelsus

978 1590 1104 1630 genitor
1129 1593 1161 1621 et
1184 1590 1309 1630 genitus

931 1636 1070 1677 Spiritus
1095 1646 1156 1669 nec
1179 1647 1242 1670 non
1269 1641 1301 1670 et
1325 1641 1464 1681 sanctus,

977 1686 1142 1726 perdulcis
1166 1687 1354 1728 paraclitus,

930 1733 994 1766 Per
1007 1743 1099 1775 quem
1112 1743 1187 1766 suus
1202 1739 1249 1767 est
1264 1731 1361 1780 [jam]
1371 1744 1482 1770 servus

978 1783 1150 1815 suscitatus
1174 1782 1329 1818 Lazarus,

930 1868 1068 1901 Manicis
1094 1869 1148 1908 qui
1172 1869 1296 1910 magnis
1322 1870 1458 1911 vinctus,

977 1917 1168 1949 constrictus
1194 1918 1402 1958 compedibus

931 1964 1085 1997 Flammis
1108 1973 1196 1998 eram
1222 1965 1399 1999 destinatus

978 2022 1154 2054 poenarum
1178 2014 1360 2056 ultricibus,

931 2061 1019 2101 Quae
1035 2063 1203 2095 tormentis
1221 2065 1333 2096 extant
1346 2072 1479 2105 prorsus

978 2109 1074 2151 plena
1097 2111 1341 2154 multiplicibus

933 2197 1076 2230 Gloriam
1102 2198 1238 2231 cantabo
1263 2208 1340 2232 sane

977 2247 1063 2279 omni
1089 2246 1150 2279 tibi
1173 2250 1327 2290 tempore,

933 2294 967 2327 Si
994 2295 1135 2337 digneris
1162 2304 1296 2330 evocare

976 2345 1089 2377 mortis
1111 2353 1162 2376 me
1189 2346 1229 2378 de
1252 2345 1372 2389 limine,

934 2391 992 2425 Cui
1018 2396 1067 2426 est
1091 2394 1159 2426 vita
1184 2403 1255 2427 cum
1279 2397 1374 2435 patre

977 2445 1009 2474 et
1033 2451 1166 2483 regnum
1192 2451 1261 2476 cum
1287 2442 1425 2479 fiamine.
