1653 2668
181 219 213 252 '251

179 864 210 896 7.

152 1830 206 1863 10.

155 2151 207 2184 11.

669 113 929 150 -254—

238 217 336 250 Amor
359 215 462 248 nescit
482 214 637 255 ⁸judicium

240 264 309 297 Nee
331 264 447 304 recipit
471 261 634 294 eonsilium

283 311 351 344 Nee
374 320 409 343 se
431 310 524 342 modo
548 310 725 347 temperat3

237 359 337 392 Amor
361 357 458 399 gratis
484 357 676 396 obsequitur,

236 406 333 439 Nullo
357 406 445 437 luero
470 404 653 443 conteritur,

282 453 434 487 Libenter
458 452 665 492 obtemperat.

238 540 338 573 Amor
370 547 462 571 verus
484 547 546 570 non
573 541 621 569 est
646 537 774 578 duplex,

238 588 280 620 Se
303 588 477 625 contentus,
502 594 538 617 sc
561 586 719 627 locuplex,

283 635 351 667 Scit
374 633 517 666 omnibus
542 632 707 673 sufficerc;

237 683 302 715 Per
321 689 357 713 se
380 680 458 713 satis
483 684 532 713 est
555 681 728 721 subjectus,

237 728 311 762 Non
337 730 514 761 contractus
539 729 596 761 sed
621 727 751 760 affectus

281 777 458 810 Reveretur
480 776 591 808 libere.

236 864 335 895 Amor
357 863 499 902 prudens
522 871 586 894 non
612 860 715 894 effluit

231 910 294 943 Sed
320 911 518 942 abundanter
543 908 646 942 affluit

278 957 451 998 Nescitque
474 965 679 998 marcescere,

233 1006 334 1037 Amor
354 1014 504 1037 aecensus
530 1003 667 1045 fortiter,

234 1052 366 1092 Semper
391 1054 522 1085 conatur
547 1052 683 1084 dulciter

279 1100 324 1131 Et,
347 1109 427 1140 pure
453 1100 594 1141 diligere.

201 1210 208 1217 .
232 1186 332 1217 Amor
356 1185 420 1227 ille,
447 1185 499 1225 qui
524 1194 582 1224 spe
607 1186 723 1217 erescit

231 1232 276 1264 Et
299 1233 463 1265 subtracta
484 1242 541 1273 spe
567 1234 731 1275 decrescit,

279 1280 397 1312 Adhuc
421 1282 470 1312 est,
492 1281 663 1321 impurior3

235 1327 336 1359 Amor
359 1337 422 1359 non
448 1331 496 1359 est
518 1327 572 1359 hic
595 1328 664 1359 sine
689 1337 755 1368 spe,

233 1375 296 1407 Sed
327 1383 387 1407 non
415 1375 510 1407 sumit
534 1375 617 1407 vires
644 1375 684 1407 de
707 1384 765 1415 spe

282 1422 351 1454 Nec
373 1430 410 1454 ea
434 1421 470 1455 fit
496 1421 618 1455 fortior.

200 1533 207 1540 .
233 1508 333 1539 Amor
356 1517 419 1540 non
446 1511 493 1539 est
516 1507 670 1547 hiemalis,

232 1556 333 1587 Amor
356 1564 456 1588 novus
483 1559 515 1587 et
537 1556 709 1598 paschalis,

283 1603 347 1636 Per
370 1612 461 1643 quem
485 1604 591 1636 virent
615 1604 737 1645 omnia3

233 1651 332 1683 Amor
355 1660 515 1692 nunquam
543 1652 670 1691 otiosuS,

231 1698 331 1730 Amor
355 1706 480 1739 semper
505 1698 683 1732 fructuosus

280 1745 369 1778 Sicut,
391 1748 495 1778 aestas
519 1746 643 1780 florida.

232 1832 389 1871 Quantum
413 1832 506 1864 homo
532 1832 702 1875 desiderat,

236 1879 390 1918 Quantum
401 1880 512 1922 credit,
523 1883 645 1913 tantum
654 1885 763 1921 sperat

278 1927 415 1959 Tantum
437 1930 486 1960 est
506 1928 538 1960 in
564 1937 678 1969 opere3

235 1974 292 2012 Qui
318 1975 432 2006 amoris
457 1984 550 2008 succo
576 1979 672 2016 caret,

232 2020 328 2053 Fides
355 2022 421 2061 ejus
446 2025 478 2055 et.
501 2031 574 2063 spes
595 2027 675 2065 aret,

282 2068 394 2101 Nescit,
417 2069 555 2103 fructum
578 2070 697 2106 facere.

764 1908 772 1925 7

233 2154 332 2186 Amor
357 2155 468 2196 duleis,
492 2166 555 2190 non
580 2167 715 2200 amarus,

233 2201 332 2234 Amor
356 2204 472 2245 largus,
498 2214 563 2237 nou
586 2215 701 2239 avarus

279 2248 323 2280 Et
347 2250 415 2282 siue
439 2251 586 2291 tristitia3

233 2297 332 2328 Amor
356 2302 443 2330 earet
464 2303 636 2341 senectute,

235 2344 334 2377 Amor
357 2343 450 2379 floret
471 2347 638 2386 juventute

285 2390 416 2434 Semper
439 2395 473 2426 iu
496 2395 629 2431 laetitia.

836 213 890 246 12.

835 539 889 572 13,

833 862 889 897 14.

834 1187 888 1220 15.

835 1511 888 1544 16.

836 1834 891 1869 17.

835 2158 889 2192 18.

916 213 1017 244 Amor
1038 219 1137 251 purus
1161 219 1242 249 pure
1266 210 1361 249 amat,

917 261 957 293 In
974 268 1032 298 spe
1048 267 1110 291 non
1124 260 1258 298 propter
1275 266 1364 297 spem
1378 258 1467 288 amat

963 306 1054 339 Sicut.
1079 306 1171 338 docet
1195 305 1297 346 rati03

915 356 1017 387 Amor
1041 358 1151 395 sperat
1166 353 1237 393 hoe,
1264 352 1349 393 quod
1366 354 1462 393 amat,

920 403 966 436 Et
989 402 1074 442 quod
1099 404 1223 444 sperat,
1246 401 1330 434 illud
1353 402 1441 433 amat.

962 450 1119 491 Appetitu
1141 450 1245 483 anxio.

915 538 1025 575 Amor,
1053 536 1128 577 quia
1151 538 1247 576 amat,
1274 539 1393 575 sperat,

915 584 980 617 Sed
1004 594 1068 616 nou
1092 586 1188 623 amat,
1212 582 1288 623 quia
1310 586 1430 624 sperat,

961 632 1082 666 Ordine
1105 631 1266 672 legitim03

916 682 1017 713 Amor
1041 680 1157 720 praeit,
1182 687 1257 719 spes
1281 678 1424 719 sequitur

915 730 1016 761 Amor
1039 729 1178 768 praeest,
1209 735 1283 767 spes
1309 726 1459 759 subditur

966 775 1004 808 In
1025 776 1159 808 amantis
1185 775 1300 807 animo.

914 863 1015 895 Amor
1037 862 1166 894 laudem
1190 870 1254 893 non
1279 860 1414 901 appetit,

919 910 997 949 Nec,
1024 918 1105 950 quae
1129 918 1187 941 sua
1212 911 1295 948 sunt,
1321 909 1449 950 repetit,

962 957 1033 990 Nee
1058 956 1242 997 despectum
1266 956 1398 997 metuit3

914 1006 1015 1038 Amor
1038 1006 1092 1045 pie
1115 1004 1242 1036 socialis

915 1053 985 1084 Nee
1007 1062 1066 1092 pro
1091 1051 1184 1084 malis
1209 1051 1293 1084 mala
1316 1051 1409 1083 malis

963 1100 1026 1134 Sed
1052 1100 1135 1132 bona
1158 1099 1317 1134 retribuit.

914 1186 1015 1218 Amor
1039 1186 1141 1218 nescit
1161 1185 1293 1228 irritari,

917 1234 1067 1266 Invidere
1091 1242 1151 1265 nec
1173 1232 1289 1273 inflari,

961 1281 1025 1314 Sed
1047 1283 1134 1313 amat
1157 1280 1308 1319 humilia3

914 1329 1015 1361 Amor
1040 1329 1157 1361 malum
1182 1338 1245 1360 non
1272 1329 1399 1371 cogitat,

916 1377 1054 1417 Injurias
1076 1385 1139 1408 non
1163 1377 1289 1416 recitat,

962 1423 1060 1456 Nulla
1084 1422 1172 1456 fovet
1196 1425 1280 1457 odia.

911 1510 1013 1542 Amor
1036 1510 1141 1542 mollit,
1166 1509 1325 1549 duritiam,

912 1558 1013 1590 Amor
1037 1557 1123 1590 tollit
1146 1558 1293 1600 acidiam,

965 1605 1046 1638 Gelu
1066 1606 1181 1637 mentis
1207 1605 1340 1647 adimit3

915 1653 1016 1687 Amor
1040 1653 1124 1685 sicut.
1146 1662 1232 1685 mors
1258 1655 1307 1684 est
1331 1652 1435 1693 fortis,

914 1702 1014 1734 Amor
1030 1710 1116 1733 mors
1135 1703 1182 1733 est
1198 1703 1327 1733 nostrae
1337 1701 1459 1742 mortis,

963 1749 1062 1782 Omne
1085 1749 1203 1780 malum
1229 1748 1366 1788 perimit.

916 1833 1017 1866 Amor
1040 1833 1120 1866 nihil
1144 1833 1214 1866 vult
1237 1836 1367 1874 praeter
1391 1843 1435 1875 se,

917 1882 980 1914 Per
1012 1890 1048 1913 se
1070 1881 1179 1922 placet
1203 1884 1235 1913 et
1258 1885 1392 1922 propter
1416 1892 1461 1922 se,

962 1929 1018 1961 Sui
1042 1932 1165 1962 tantum
1190 1930 1353 1972 conscius3

915 1976 1011 2009 Nullo
1033 1980 1127 2017 pacto
1153 1977 1344 2021 adquiritur,

916 2023 1006 2057 Nulli
1028 2025 1099 2065 spei
1121 2025 1279 2068 innititur,

963 2072 1036 2104 Non
1062 2075 1110 2105 est
1134 2073 1358 2107 mercenarius.

916 2158 1017 2191 Amor
1041 2168 1168 2199 semper
1191 2161 1261 2193 vult
1284 2169 1402 2201 amare,

915 2205 985 2238 Sibi
1008 2208 1070 2239 soli
1092 2208 1155 2241 scit,
1176 2217 1304 2249 vacare,

965 2254 1006 2287 Se
1030 2256 1130 2287 solum
1159 2257 1398 2297 complectitur3

914 2301 988 2334 Non
1012 2304 1138 2343 quaerit
1160 2303 1299 2337 fructum
1323 2306 1431 2345 alium,

918 2350 1015 2391 Quam
1039 2360 1131 2384 usum
1154 2352 1204 2384 sui
1228 2355 1393 2393 proprium

961 2398 1007 2431 Et
1031 2400 1138 2441 seipso
1162 2400 1292 2436 fruitur.
