1653 2668
181 223 236 256 33.

180 516 234 548 34.

180 808 233 839 35.

177 1100 231 1132 36.

698 123 958 158 *112—

261 223 340 266 Ave,
369 224 463 262 caput
489 221 667 263 delicatum,

261 270 415 302 Membris
440 269 538 301 sacris
565 269 756 307 decoratum,

306 319 391 357 Quae
409 317 503 357 digna
519 318 593 347 sunt
607 315 797 358 praeconio3

263 365 365 407 Salve,
394 364 494 395 dulcis
517 366 549 394 et
573 363 717 403 benigna,

259 412 366 444 Mater
389 411 451 451 pia,
478 410 545 442 sola
571 410 666 450 digna

309 458 394 491 Coeli
418 457 606 491 testimonio.

261 515 364 558 Salve,
389 514 495 546 vultus
518 523 698 554 generosus,

261 562 356 601 Quem
380 570 435 593 rex
460 560 562 593 forma
586 562 748 601 speciosus

307 611 390 642 Prae
414 609 533 639 cunctis
558 609 730 648 adamavit,

259 657 372 689 Omnes
394 656 467 695 Jurc
491 660 683 688 venerantur

261 703 388 735 Vultum
414 703 497 734 hunc
522 706 553 734 et
572 703 793 745 deprecantur,

306 750 388 789 Quos
414 750 557 783 Christus
581 751 740 786 liberavit.

259 807 366 839 Morte
389 815 447 838 sua
470 809 534 839 tam
559 817 677 850 amara,

259 854 356 893 Quam
381 855 413 886 in
440 859 550 886 sancta
575 855 676 887 crucis
701 863 759 887 ara

304 902 366 934 Pro
399 901 490 933 nobis
514 906 627 942 sponte
651 902 793 944 pertulit,

253 949 336 980 Dum
358 958 393 980 se
407 948 511 988 ipsum
529 959 641 981 munus
658 953 791 993 gratum,

257 995 508 1038 Sacrosanctum,
534 997 692 1029 illibatum

306 1044 446 1076 Aeterno
471 1044 556 1083 patri
582 1044 706 1077 obtulit.

259 1100 283 1132 O
308 1100 424 1140 regalis
450 1102 521 1131 tuus
546 1101 661 1143 vultus,

256 1147 364 1179 Mater
388 1147 451 1188 pia,
478 1157 570 1187 quam
594 1148 732 1181 incultus

300 1195 339 1227 In
359 1195 415 1226 illa
438 1194 518 1226 hora
543 1196 690 1237 cernitur,

204 1230 207 1233 ¹
253 1241 336 1273 Dum
362 1251 400 1273 ex
426 1242 545 1274 crebris
568 1243 770 1277 lacrimarum

175 1393 229 1425 37.

174 1687 227 1719 38.

171 1982 225 2015 39.

170 2276 225 2309 40.

254 1288 360 1321 Guttis
385 1299 403 1321 a
425 1294 456 1320 te
481 1289 648 1323 effusarum

306 1335 474 1368 Flebiliter
497 1336 710 1377 perfunditur.

257 1393 280 1425 O
306 1393 408 1434 imago
434 1393 595 1437 trinitatis,

253 1439 337 1472 Fons
363 1441 459 1473 totius
485 1441 645 1484 bonitatis,

302 1488 405 1520 Tuere
429 1496 480 1519 me
501 1490 670 1532 propitius,

255 1535 314 1567 Pia
337 1538 447 1577 mater,
474 1545 524 1568 me
550 1536 688 1570 defende

256 1582 358 1614 Tuum
384 1583 508 1616 vultum
535 1587 567 1616 et
591 1587 723 1618 ostende

303 1631 340 1663 In
364 1631 443 1663 hora
466 1631 528 1663 mei
554 1633 666 1667 exitus,

254 1687 368 1719 Manus
393 1690 531 1728 sanctae,
557 1698 613 1721 vos
637 1694 736 1735 avete,

255 1735 383 1767 Cunctis
410 1734 499 1767 donis
524 1737 726 1780 adimpletae,

301 1782 467 1823 Nunquam
491 1785 636 1817 reclusae
657 1786 792 1829 111156115,

258 1830 320 1862 Sed
346 1832 477 1870 apertae
502 1834 533 1862 et
558 1835 705 1865 extentae

253 1876 385 1917 Semper
406 1882 534 1910 manent
560 1882 591 1911 et
615 1885 747 1921 repente

301 1925 387 1957 Dant
412 1925 520 1958 dulces
545 1936 620 1967 opes
642 1928 792 1962 muneris.

253 1982 278 2014 O
305 1991 398 2022 quam
422 1983 533 2023 plures
558 1987 633 2016 sunt
657 1985 771 2018 referti

253 2028 352 2061 Donis
377 2030 440 2062 tuis
466 2032 498 2062 et
522 2033 656 2073 experti,

300 2078 407 2111 Maria
432 2077 625 2122 dulcissima,

253 2124 336 2163 Quos
360 2135 380 2158 a
401 2125 488 2165 justa
510 2126 573 2158 Dei
597 2127 646 2160 ira

252 2172 351 2212 Opem
375 2172 481 2205 ferens
507 2177 576 2206 arte
597 2176 679 2208 mira

298 2219 381 2252 Nam
401 2221 502 2253 trahis
520 2224 767 2263 promptissima.

252 2277 277 2309 O
304 2277 436 2310 dextera
457 2287 579 2320 manus,
605 2289 673 2321 ave,

253 2323 424 2357 Genitricis
447 2325 520 2368 Dei,
546 2336 608 2367 qua
633 2337 692 2360 vae

298 2372 413 2405 Mundi
437 2373 596 2406 sublatum
620 2376 779 2417 creditur;

857 372 898 404 41

853 667 898 699 42

851 961 907 995 43.

851 1256 907 1289 44.

851 1551 906 1583 45.

852 1846 907 1878 46.

851 2141 906 2173 47.

942 219 1134 252 Holofernes
1159 218 1221 251 hac
1245 219 1412 251 truncatur

940 267 1074 309 Dextra,
1098 266 1198 299 Sat-an
1226 266 1418 306 debellatur,

986 313 1150 355 Serpentis
1176 316 1273 354 eaput
1296 313 1421 345 teritur.

905 396 912 402 .
939 370 1029 403 Haec
1054 373 1103 403 est
1126 380 1219 403 sacra
1243 379 1354 403 manus
1378 370 1453 410 ista,

936 418 987 450 De
1012 428 1074 459 qua
1098 427 1156 450 rex
1180 421 1276 459 atque
1300 418 1469 458 psalmista

984 466 1081 498 Dulci
1105 466 1216 505 psallit
1243 466 1384 497 cithara:

934 513 1038 546 Meam
1065 522 1192 545 manum
1217 513 1348 545 tenuisti

932 561 1086 593 Dextram
1113 564 1145 592 et
1168 561 1216 592 sic
1240 559 1442 600 assumpsisti

981 609 1037 641 Me
1060 610 1094 640 in
1119 610 1175 640 tua
1199 608 1310 648 gloria.

902 691 908 698 .
937 666 1042 708 Salve,
1069 674 1180 698 manus
1206 674 1224 697 0
1250 665 1382 697 sinistra

936 713 1048 745 Dulcis
1073 713 1194 755 matris,
1229 721 1310 753 quae
1334 713 1482 745 ministra

980 760 1114 793 Aeterni
1138 760 1223 800 regis
1250 760 1383 803 exstitit,

937 807 1479 849 Dumhuncparvumcontrectavit,

934 856 1039 899 Lavit,
1066 855 1167 896 pavit,
1193 855 1350 895 bajulavit

980 905 1032 935 Ac
1046 905 1130 937 dona
1147 912 1290 943 quaeque
1305 902 1479 943 praestitit.

933 960 1012 992 Jesu
1036 960 1156 993 Christi
1179 963 1280 992 mater
1306 960 1457 999 6161116115,

936 1008 996 1047 Qui
1019 1008 1077 1040 sub
1102 1010 1174 1039 tuas
1199 1006 1278 1039 fiens
1297 1011 1329 1039 et
1349 1015 1480 1049 gemens

982 1056 1109 1088 Palmas
1130 1064 1262 1096 prorsus
1288 1054 1386 1096 fugio,

936 1102 1048 1136 Suavis
1073 1105 1186 1142 mater,
1212 1112 1274 1135 non
1302 1103 1421 1135 evellas

935 1150 991 1182 Me
1015 1160 1035 1183 a
1059 1153 1092 1182 te
1116 1159 1219 1190 neque
1243 1151 1383 1191 repellas

979 1198 1010 1230 A
1037 1198 1121 1230 dulci
1148 1201 1201 1229 tuo
1227 1198 1357 1238 gremio.

933 1255 1049 1288 Mundi
1073 1255 1160 1287 salus
1186 1258 1217 1286 et
1244 1255 1388 1299 dulcede,

932 1303 957 1336 O
982 1303 1100 1344 Maria,
1125 1311 1210 1336 nunc
1234 1304 1352 1335 accedo

982 1351 1034 1383 Ad
1059 1354 1130 1383 tuos
1154 1350 1254 1390 pedes
1279 1359 1434 1391 propere3

934 1398 1037 1430 Pedes
1062 1398 1174 1437 sancti,
1203 1407 1258 1430 vos
1283 1399 1385 1431 saluto

937 1445 1028 1478 Genu
1051 1445 1145 1485 flexo,
1170 1447 1267 1479 corde
1292 1449 1372 1486 tuto,

982 1494 1165 1526 Prostratus
1191 1496 1258 1526 toto
1285 1503 1429 1534 corpore.

934 1551 959 1583 Ο
985 1560 1076 1591 quam
1105 1551 1231 1590 pulchri
1253 1552 1298 1583 tui
1325 1559 1461 1593 gressus,

933 1599 1032 1638 Quam
1057 1598 1194 1639 pudicus
1220 1605 1253 1630 et
1271 1599 1424 1640 1116655115,

980 1646 1116 1678 Aeterni
1140 1649 1217 1678 nata
1240 1647 1407 1689 principis,

935 1693 993 1726 Cui
1017 1701 1094 1727 vere
1119 1696 1151 1725 te
1175 1695 1295 1727 amanti

933 1740 979 1772 Et
1002 1742 1048 1772 nil
1073 1741 1132 1773 tibi
1162 1742 1332 1782 deneganti

981 1789 1130 1821 Materno
1153 1789 1226 1829 jure
1250 1790 1421 1830 praecipis.

933 1845 1019 1886 Ergo
1044 1854 1152 1878 sacros
1178 1849 1249 1879 tuos
1273 1848 1384 1887 pedes,

932 1892 1019 1932 Quae
1042 1894 1077 1926 in
1095 1903 1217 1927 summo
1235 1895 1350 1927 throno
1373 1896 1477 1936 sedes,

982 1941 1185 1981 Complector
1210 1951 1281 1974 cum
1305 1942 1433 1987 fiducia,

931 1988 1061 2031 Petens,
1085 1992 1123 2020 ut
1145 1990 1180 2021 in
1203 1991 1317 2023 mortis
1340 1991 1422 2023 hora

931 2035 988 2067 Me
1013 2036 1169 2071 defendas
1193 2037 1315 2078 absque
1338 2048 1429 2071 mora

982 2084 1034 2116 Ab
1060 2084 1197 2117 host-ium
1222 2087 1350 2119 astutia.

935 2141 959 2173 O
985 2142 1126 2174 solamen
1151 2143 1322 2185 singulare,

934 2188 1011 2220 Noli
1034 2190 1089 2230 pia
1113 2191 1189 2222 tunc
1213 2192 1345 2224 tardare

980 2237 1034 2269 Ad
1056 2239 1288 2278 protegendum
1313 2249 1462 2281 propera,

932 2283 1049 2316 Funde
1072 2294 1185 2326 preces
1212 2288 1364 2321 salvatori

933 2331 979 2363 Et
1003 2333 1143 2365 concede
1165 2334 1249 2367 bene
1271 2337 1352 2368 111011

981 2381 1020 2412 111
1044 2381 1138 2420 hujus
1162 2382 1249 2415 vitae
1273 2393 1418 2424 vespera.
