1653 2668
686 139 949 177 —105-

499 234 546 266 86.
575 233 669 267 Missa
688 234 823 267 Sanctae
843 234 962 268 Mariae
981 232 1133 275 Virginis.

355 304 586 338 Introitus.

158 370 190 404 1.
216 369 355 403 Matrem
382 371 503 404 Christi
527 373 711 415 salutemus,

215 419 317 458 Opem
344 419 411 459 ejus
436 420 656 463 imploremus,

264 466 363 500 Adsit
387 467 430 500 ad
451 468 637 510 introitum3

216 514 429 548 Benedictam
452 515 538 548 hanc
562 517 717 558 dicemuS,

217 563 372 596 Trinitati
402 564 601 605 inclinemus,

264 610 367 644 Nobis
395 612 451 644 det
474 612 638 646 auxilium.

301 698 440 739 Kyrie
466 698 645 730 eleison.

186 788 194 796 .
220 763 404 797 Jubilantes
428 764 505 797 hinc
531 765 637 806 angeli

218 812 356 845 Ordines
382 821 495 845 novem
520 812 632 844 coelici

268 859 419 892 Laudent
440 859 545 892 Deum
569 861 603 892 in
629 860 717 901 Sion,

217 907 337 939 Devoti
362 916 486 948 quoque
515 905 627 940 famuli

219 954 415 987 Alternatim
439 957 472 986 et
496 955 612 996 singuli

266 1002 386 1036 Dicant
411 1002 515 1043 Kyrie
543 1002 672 1035 eleison.

296 1088 405 1121 Laus
435 1089 648 1130 angelica.

184 1181 191 1188 .
219 1154 269 1187 Sit
293 1155 397 1195 gloria
419 1155 585 1196 altissimo,

217 1203 287 1236 Pax
311 1211 435 1244 quoquc
459 1203 493 1235 in
519 1203 581 1235 hoc
606 1203 734 1236 saeculo

268 1250 366 1283 Bonis
387 1251 616 1292 voluntatibus,

219 1298 298 1331 Cum
323 1299 447 1331 cantico
472 1300 618 1340 angelico

217 1347 318 1388 Patri,
345 1349 433 1386 nato²
459 1348 617 1388 paraclito

264 1394 370 1427 Detur
394 1395 464 1427 laus
490 1394 531 1427 ab
557 1396 714 1428 omnibuS.

368 1481 577 1515 Collecta.

182 1572 188 1578 .
217 1547 395 1580 Sanitatem
419 1547 496 1580 hinc
520 1546 649 1581 famulis

214 1595 281 1628 Det
303 1596 419 1628 mentis
445 1598 541 1637 atque
566 1596 710 1637 corporis

264 1644 328 1676 Per
352 1643 485 1684 virginis
511 1653 693 1685 precamen,

217 1691 323 1725 Soluti
346 1701 366 1724 a
389 1692 532 1724 tristitiis

218 1740 379 1773 Fruamur
405 1740 487 1774 coeli
511 1740 647 1782 gaudiis,

265 1788 319 1821 Ad
344 1788 431 1828 quod
457 1788 602 1821 dicamus
627 1790 742 1822 Amen.

368 1874 583 1916 Epistola.

183 1966 190 1974 .
217 1942 269 1974 Ab
295 1941 387 1974 initio
413 1942 533 1975 saeculi

218 1990 398 2024 Creandam
423 1992 558 2023 matrem
582 1990 713 2024 Domini

266 2037 450 2079 Prophetae
474 2039 717 2082 praedixerunt,

218 2086 269 2119 De
294 2086 371 2119 Sion
396 2090 504 2119 monte
529 2085 630 2119 fertili

217 2134 357 2167 Fructus
383 2137 433 2166 est
458 2135 551 2168 datus
577 2136 705 2178 virgini,

266 2182 365 2223 Quem
389 2191 498 2215 omnes
523 2186 744 2223 gustaverunt.

374 2268 578 2303 Gradale.

181 2366 187 2373 .
216 2338 336 2370 Sancta
360 2339 393 2368 et
419 2336 622 2377 venerabilis,

216 2387 314 2427 Virgo
336 2385 546 2426 inviolabilis,

262 2435 390 2469 Intacta
415 2442 650 2476 permanseras,

849 1788 904 1822 10.

851 2193 905 2228 11.

932 306 979 339 Es
1004 308 1106 338 mater
1134 303 1337 347 generabilis,

931 354 992 394 Qui
1018 356 1067 385 est
1092 352 1350 392 interminabilis,

979 402 1081 434 Deum
1106 401 1140 433 in
1162 404 1196 433 te
1221 401 1391 434 clauseras.

1058 497 1264 537 Alleluja,

933 573 1075 614 Alleluja
1099 573 1173 606 hinc
1198 575 1335 614 resonat,

933 622 1033 663 Virga
1057 623 1149 655 Jesse
1173 619 1337 664 floruerat,

981 669 1109 702 Castum
1138 678 1267 710 germen
1296 677 1365 700 cum
1387 666 1475 706 flore,

933 717 1003 749 Ima
1027 717 1158 750 summis
1184 716 1344 757 conciliat,

930 765 1018 805 Quae
1041 766 1132 805 virgo
1162 767 1276 798 sancta
1300 766 1431 805 generat

979 813 1131 854 virgineo
1155 812 1272 846 virore.

1066 908 1265 943 Tractus.

932 983 1026 1016 Nunc
1048 985 1138 1024 virgo
1164 987 1267 1016 mater
1292 983 1440 1027 gaudeat,

931 1031 1023 1070 Quod
1048 1032 1197 1065 haereses
1222 1032 1387 1063 interimat

974 1079 1090 1112 Verbis
1117 1079 1253 1112 credens
1276 1079 1399 1120 angeli3

929 1127 1006 1161 Post
1029 1130 1157 1167 partum
1182 1127 1272 1167 virgo
1307 1128 1479 1167 manserat,

931 1175 994 1207 Pro
1020 1175 1112 1207 nobis
1137 1174 1333 1208 interveniat

980 1224 1080 1256 Prece
1105 1232 1164 1256 sua
1188 1222 1337 1263 supplici.

1015 1318 1308 1359 Evangelium.

896 1409 903 1416 .
931 1385 1074 1426 Constat,
1100 1386 1186 1425 quod
1209 1386 1407 1426 evangelium

931 1433 1093 1474 Ventrem,
1113 1434 1167 1473 qui
1184 1434 1283 1474 gessit
1295 1433 1476 1476 Dominum,

978 1481 1110 1513 Beatum
1139 1481 1256 1513 clamat
1279 1489 1366 1521 esse3

930 1528 1126 1569 Quicumque
1150 1529 1359 1570 audientium,

933 1577 1074 1610 Verbum
1099 1576 1161 1610 Dei
1186 1577 1371 1617 tenentium,

973 1625 1067 1657 Beati
1091 1624 1165 1668 sint,
1192 1633 1331 1657 necesse.

1092 1720 1235 1754 Credo.

930 1787 1090 1821 Tenentes
1114 1786 1212 1821 fidem
1237 1787 1377 1828 fortiter,

932 1836 996 1869 Per
1020 1844 1113 1876 quam
1140 1836 1299 1869 credimus
1327 1835 1461 1869 firmiter

979 1884 1084 1917 Deum
1110 1887 1220 1917 natum
1251 1885 1383 1925 virgine,

934 1932 1065 1965 Passum
1091 1941 1151 1973 pro
1175 1932 1267 1965 nobis
1289 1934 1418 1974 acriter,

933 1980 1073 2022 Surgens
1097 1980 1226 2013 scandit
1249 1982 1402 2013 alacriter

977 2030 1013 2061 In
1040 2029 1200 2061 coelorum
1225 2030 1371 2062 culmine.

1016 2123 1319 2161 offertorium.

934 2192 980 2226 Es
1009 2192 1208 2235 Mariavirgo
1235 2196 1338 2237 grata,

933 2241 1020 2280 Quae
1045 2242 1184 2282 portasti
1211 2242 1338 2275 illibata

980 2290 1103 2331 Ipsum,
1127 2291 1182 2330 qui
1206 2293 1240 2322 te
1262 2290 1395 2331 fecerat,

934 2339 964 2371 A
991 2347 1052 2379 quo
1079 2342 1195 2372 cuncta
1220 2343 1293 2372 sunt
1321 2343 1439 2382 creata,

937 2386 1000 2420 Per
1021 2388 1187 2420 incensum
1211 2388 1302 2420 illum
1328 2390 1433 2431 placa,

986 2435 1120 2470 Veniam
1145 2440 1181 2469 ut
1206 2436 1335 2472 tribuat.
