1653 2668
270 247 300 279 8.

244 895 297 928 10.

245 1218 298 1251 11.

242 1545 296 1578 12.

241 1869 295 1902 13.

239 2193 291 2226 14.

761 145 1024 181 -148-

331 246 410 290 Ave,
436 246 528 279 radix
552 245 648 286 regia,

369 296 520 335 concepta
544 294 612 325 sine
638 292 741 332 humo,

325 341 498 383 Designata
520 340 653 381 mystico

365 397 427 422 non
453 389 625 422 conubusto
653 388 758 431 dumo,

324 436 369 469 Et
393 437 518 470 crevisti
544 435 647 468 subito

366 484 551 516 humilitatis
579 482 675 518 fumo.

325 571 363 603 111
387 579 491 603 ramos
516 568 728 602 fertilissimos

364 617 524 657 plantatos
548 617 608 649 Dei
635 626 737 659 manu,

324 665 361 697 In
386 666 498 706 quibus
524 665 637 697 sedent
658 665 790 704 spiritus

366 716 487 753 septem
510 713 572 745 Dei
595 721 700 753 manu,

324 760 415 793 Dona
439 769 497 801 per
522 769 602 801 quae
626 758 768 792 funditus

368 817 400 839 es
424 807 540 841 florens
565 807 627 840 Dei
651 817 755 840 manu.

325 894 349 926 Ο
375 895 462 926 stilla
485 895 682 927 nobilissima

367 944 535 982 conceptus
561 942 725 982 virginalis

324 990 409 1022 Pura
432 990 617 1022 tenuissima

365 1038 499 1070 mnditia
523 1036 627 1069 finalis

323 1084 429 1124 Purga
451 1085 704 1118 immundissima

366 1133 507 1164 malitiae
530 1133 675 1169 brutalis,

326 1217 429 1261 Salve,
455 1223 530 1252 nata
553 1221 662 1262 typice

366 1265 474 1307 figuris
499 1268 739 1313 seripturarum,

324 1315 397 1347 Tibi
419 1326 480 1348 vox
504 1317 685 1356 hymnidice

368 1363 454 1396 dicta
476 1365 714 1407 prophetarum,

322 1410 367 1442 Es
395 1412 514 1443 Cunctis
538 1412 609 1452 plus
635 1413 775 1446 veridice

364 1458 432 1491 Deo
456 1469 568 1492 munus
595 1469 711 1496 carum,

322 1545 368 1576 Te
392 1546 497 1587 signat
517 1556 598 1579 urna
621 1556 717 1580 aurea

366 1595 397 1624 et
422 1594 541 1626 concha
563 1604 636 1627 rore
659 1596 764 1637 plena,

323 1639 369 1671 Te
393 1645 482 1673 notat
505 1643 592 1675 scala
617 1644 736 1675 coelica

364 1690 395 1719 et
420 1689 509 1730 virga
533 1693 582 1721 sat
607 1700 746 1735 amoena,

320 1734 366 1766 Te
390 1744 447 1768 ara
469 1737 684 1777 thymiamatis

364 1785 395 1814 et
420 1793 504 1825 arca,
530 1794 548 1817 o
573 1794 695 1821 serena.

321 1868 415 1902 Stilla
439 1871 533 1910 roriS,
560 1872 639 1904 odor
663 1870 761 1917 floris,

362 1915 432 1950 fons
459 1919 560 1951 dulcis
586 1921 763 1962 suavitatis,

319 1964 405 1997 Nata
429 1966 498 1997 sine
522 1968 662 2009 crimine,

361 2010 419 2045 fios
445 2022 562 2046 vernae
586 2016 746 2057 novitatis,

322 2059 451 2093 Genitos
478 2062 518 2094 de
543 2063 674 2095 crimine

354 2108 476 2149 Jungito
502 2111 631 2144 renatis.

319 2193 439 2236 Gaude,
465 2197 568 2237 gaude
591 2199 711 2242 inclita,

359 2243 438 2284 Ave,
465 2245 602 2278 salutata

319 2290 403 2322 Voce
426 2292 466 2325 ab
492 2294 634 2334 angelica

361 2341 450 2378 quasi
473 2342 653 2383 tremulata,

318 2385 441 2420 Pavens
465 2389 529 2421 ista
552 2391 696 2431 mystica,

359 2444 517 2476 nunquam
543 2438 670 2472 violata.

926 243 969 276 15

924 567 965 601 16

922 894 976 926 17.

923 1219 977 1253 18.

922 1547 975 1580 19.

919 1872 973 1904 20.

918 2200 973 2232 21.

974 268 980 275 .
1005 242 1084 275 Mox
1109 244 1158 274 est
1181 242 1241 274 tibi
1265 243 1370 283 gratia

1049 292 1161 330 partus
1188 291 1377 331 condonata,

1008 337 1073 370 Sed
1096 347 1256 378 nunquam
1281 340 1336 371 tua
1360 339 1486 371 viscera

1051 389 1125 418 sunt
1149 395 1225 419 vere
1250 389 1391 429 onerata,

1004 433 1090 466 Hinc
1112 436 1256 474 potestas
1282 435 1374 466 deica

1049 484 1098 513 est
1121 481 1334 524 magnificata.

971 593 977 600 .
1004 568 1114 611 Virgo,
1141 577 1222 609 quae
1246 567 1366 600 affabili

1047 616 1094 647 sic
1118 616 1216 648 verbo
1240 617 1453 656 respondisti:

1001 663 1097 706 Ecce,
1124 673 1218 695 serva
1240 663 1380 707 Domini,

1045 710 1111 752 fiat,
1137 715 1174 743 ut
1199 711 1321 751 dixisti,

1003 760 1080 801 Fac,
1107 759 1204 791 simus
1228 760 1370 800 prompti
1395 759 1506 794 famuli

1054 808 1199 847 concepti
1223 808 1245 841 J
1247 816 1301 839 esu
1328 808 1458 843 Christi.

1002 893 1124 926 Plaude
1151 894 1191 925 de
1214 894 1427 936 magnalibus,

1051 941 1147 973 beata
1171 942 1246 982 quia
1271 942 1365 987 dicta,

1001 989 1157 1021 Montana
1182 989 1252 1022 sine
1277 991 1428 1031 gravibus

1053 1038 1179 1077 quando
1205 1046 1239 1069 es
1263 1038 1406 1078 addicta,

1001 1085 1231 1126 Elisabethque
1259 1086 1404 1119 domibus

1051 1136 1161 1165 sancte
1185 1133 1366 1167 benedicta.

1004 1220 1119 1252 Partus
1144 1224 1218 1253 tuus
1243 1222 1384 1262 undique

1051 1268 1105 1301 Sic
1129 1268 1338 1310 salutabatur,

1004 1315 1064 1354 Qui
1088 1325 1107 1347 a
1131 1318 1164 1347 te
1188 1317 1257 1348 sola
1281 1318 1423 1359 nullique

1050 1365 1194 1405 cuiquam
1219 1366 1404 1407 norabatur,

1005 1411 1118 1445 Clauso
1144 1416 1239 1452 partu
1266 1414 1402 1454 denique

1050 1460 1109 1492 tibi
1134 1461 1304 1496 revelatur.

1003 1546 1073 1579 Vox
1098 1549 1162 1587 tua,
1187 1557 1268 1588 quae
1291 1549 1325 1580 111
1350 1551 1441 1582 utero

1048 1593 1205 1627 infantem
1228 1597 1391 1641 animavit,

1000 1641 1098 1674 Dicat
1124 1643 1202 1675 Jesu
1226 1643 1373 1688 Domino,

1049 1691 1102 1730 qui
1121 1693 1154 1722 te
1178 1692 1212 1723 in
1236 1692 1411 1726 habitavit:

999 1737 1102 1769 Reum
1127 1740 1308 1781 reconcilio,

1049 1785 1123 1818 hine
1149 1787 1235 1819 Deus
1260 1797 1312 1820 me
1338 1789 1469 1822 creavit.

1001 1871 1112 1904 Laude
1136 1873 1264 1914 plaude,
1291 1875 1390 1917 salve,
1418 1876 1530 1916 gaude,

1049 1918 1187 1954 fecunda
1213 1923 1294 1954 coeli
1316 1923 1437 1964 nuntio,

999 1967 1152 2001 Perfecta
1174 1970 1208 2001 in
1233 1973 1266 2002 te
1291 1971 1378 2003 dicta
1402 1974 1483 2015 sunt,

1049 2017 1123 2056 quia
1146 2020 1256 2050 natum
1281 2020 1401 2059 gremio

1002 2062 1174 2097 Continens
1201 2069 1233 2098 et
1256 2067 1362 2099 vincla
1387 2071 1462 2100 sunt.

1048 2113 1153 2145 soluta
1176 2116 1230 2147 tuo
1256 2116 1375 2155 genito.

1000 2199 1024 2232 Ο
1052 2201 1198 2233 columna
1223 2203 1413 2243 sanctitatis,

1049 2257 1129 2288 quae
1153 2250 1314 2289 gaudiosis
1339 2252 1486 2284 manibus

1000 2295 1080 2328 Fers
1107 2297 1284 2330 columnam
1307 2297 1479 2341 firmitatis,

1047 2353 1110 2384 qua
1134 2345 1259 2380 substat
1274 2346 1362 2379 Deus
1388 2348 1544 2389 omnibus,

1001 2393 1025 2426 O
1052 2393 1153 2424 tutela
1176 2394 1347 2438 libertatis,

1046 2441 1201 2474 laetemur
1225 2443 1288 2475 tuis
1314 2444 1491 2484 plausibus.
