1653 2668
725 129 962 164 „99-

648 272 696 304 72.
736 272 782 304 De
803 270 931 304 Gaudiis
951 271 1039 303 BMV.

186 372 216 406 1.
243 370 365 411 Gaude,
393 379 452 411 per
476 380 571 411 quam
595 371 781 412 angelorum
874 372 905 405 5.
933 369 1055 412 Gaude,
1082 370 1183 411 virgo,
1210 378 1292 411 quae
1321 370 1454 403 decoras

243 417 371 452 Gaudet
395 419 511 451 chorus
537 423 571 451 et
594 422 777 451 sanctorum
931 417 1047 451 Servos
1073 422 1143 451 tuos
1169 421 1201 450 et
1233 419 1369 452 honoras

290 466 428 500 Perenni
453 467 586 510 laetitia,
977 466 1041 498 Hic
1065 470 1098 498 et
1120 466 1155 498 in
1185 465 1385 506 coelestibus,

241 515 327 555 Quos
351 514 535 556 praecellis,
564 514 715 558 gratiosa,
928 513 997 546 Nos
1022 523 1094 546 cum
1116 513 1197 553 ipsis
1223 515 1265 547 ad
1291 523 1425 546 amoena

241 562 347 602 Super
371 571 479 595 omnes
503 563 643 603 gloriosa
931 561 1080 594 Paradisi
1103 561 1200 593 laude
1224 563 1320 602 plena

292 609 432 650 Speciali
458 610 570 650 gloria.
976 609 1132 642 Transfer
1156 610 1219 641 tuis
1245 609 1404 650 precibus,

183 686 215 718 2.
241 684 365 725 Gaude,
392 694 535 728 gemma,
560 686 714 726 templum
739 686 812 727 Dei,
870 687 903 719 6.
929 684 1054 726 Gaude,
1079 694 1171 726 rosa,
1197 686 1347 726 princeps
1374 684 1498 728 florum,

245 733 308 766 Per
332 743 427 774 quam
454 734 548 766 datur
572 735 627 767 lux
654 734 717 767 diei
930 732 1034 773 Super
1058 734 1190 766 thronos
1218 734 1402 774 angelorum

291 780 374 814 Solis
401 782 441 815 de
465 781 666 822 praesentia;
978 780 1134 814 Gloriosis
1158 781 1307 814 laudibus

242 830 306 862 Per
329 831 362 860 te
386 829 488 869 magis
512 829 702 870 illustratur,
929 828 1082 861 Exaltata
1103 828 1303 869 jucundaris,

244 876 411 911 Illustrata
432 876 629 916 jucundatur
929 875 1081 909 Trinitati
1105 876 1238 908 sociaris

290 923 373 956 Tota
398 924 479 957 coeli
504 924 603 957 curia.
976 923 1021 955 Et
1044 926 1226 957 sanctorum
1250 923 1390 958 milibus

185 1001 216 1033 3.
245 998 368 1040 Gaude,
395 1000 518 1039 lampas
543 1000 754 1040 saeculorum,
871 1001 901 1033 7.
929 998 1051 1039 Gaude,
1079 1000 1167 1039 cujus
1192 1009 1255 1032 non
1284 1000 1454 1032 marcescit

243 1046 302 1080 Cui
326 1050 443 1087 parent
466 1056 676 1087 supernorum
928 1046 1015 1080 Laus
1040 1051 1071 1080 et
1096 1046 1206 1090 honor,
1233 1056 1293 1080 nec
1319 1046 1476 1080 decrescit

291 1095 407 1128 Omnes
434 1095 514 1127 coeli
541 1095 659 1135 curiae,
978 1094 1173 1128 Gaudiorum
1198 1095 1367 1137 gaudium3

243 1141 374 1175 Vultum
399 1146 488 1175 tuum
514 1143 736 1184 deprecantes,
931 1141 1004 1174 Jam
1029 1152 1142 1175 secura
1166 1143 1324 1185 gloriaris,

237 1190 415 1231 Tamquam
438 1194 574 1222 matrem
599 1195 787 1225 venerantes
930 1190 1049 1225 Juncta
1074 1190 1201 1224 Christo
1227 1191 1391 1223 coronaris

290 1237 346 1270 Sui
371 1237 455 1280 regis
480 1239 613 1279 gloriae.
976 1238 1081 1279 Super
1105 1239 1195 1279 regni
1220 1238 1345 1271 solium.

181 1316 213 1348 4.
241 1314 365 1354 Gaude,
392 1314 476 1347 cella
500 1313 600 1347 fluens
626 1315 732 1356 melle,
869 1316 901 1349 8.
929 1314 1023 1347 Omni
1046 1314 1143 1347 laude
1165 1318 1268 1347 mater
1294 1315 1400 1356 digna,

238 1361 337 1401 Cujus
361 1365 437 1395 voto
464 1362 584 1395 Christi
611 1363 697 1395 velle
928 1362 976 1395 Te
999 1362 1149 1396 laudanti
1169 1363 1213 1395 sis
1237 1362 1376 1403 benigna

285 1409 427 1443 Sociavit
452 1410 581 1453 caritas,
975 1410 1014 1441 In
1039 1410 1100 1443 hac
1123 1410 1191 1443 vita
1215 1411 1350 1452 misera3

235 1457 398 1498 Quidquid
423 1461 498 1490 tuae
522 1457 646 1498 pietati,
928 1457 1123 1497 Imperatrix
1147 1458 1296 1498 gloriosa,

237 1505 350 1538 Placet
374 1514 515 1538 summae
539 1505 688 1548 trinitati,
928 1504 1130 1538 Consolatrix
1155 1506 1325 1546 viscerosa,

285 1554 310 1586 O
337 1562 420 1593 pura
445 1553 623 1594 virginitas.
976 1552 1043 1585 Nos
1069 1563 1088 1586 a
1113 1554 1254 1593 peccatis
1277 1553 1389 1587 libera.

520 1622 552 1654 9.
579 1621 713 1661 Quando
740 1621 809 1653 dies
835 1621 897 1653 erit
919 1621 998 1660 irae,

579 1667 648 1701 Fac
672 1671 831 1701 tormenta
855 1678 918 1701 non
943 1667 1064 1700 sentire

626 1716 696 1749 Tua
721 1717 861 1749 colentes
886 1716 1012 1757 gaudia,

577 1766 645 1798 Fac
669 1769 706 1797 ut
729 1767 833 1797 tecum
858 1774 916 1796 nos
941 1764 1097 1796 laetemur

576 1813 620 1846 Et
645 1813 750 1845 securi
772 1812 987 1852 jucundemur

623 1861 663 1893 In
688 1860 819 1893 coelesti
843 1861 960 1900 patria.

251 1935 332 1964 Orat.
354 1945 409 1964 ms.
430 1936 619 1965 Lehninense
639 1937 710 1964 anni
732 1933 813 1965 1518.
837 1935 906 1964 Cod.
928 1935 1095 1964 Berolinen.
1117 1936 1177 1963 1Vf
1200 1934 1245 1964 29.

636 2086 681 2117 73.
722 2086 765 2118 De
789 2085 917 2118 Gaudiis
938 2085 1025 2118 BMV.

172 2189 205 2223 1,
232 2186 361 2229 Gaude,
388 2187 509 2225 mater,
534 2194 662 2227 semper
686 2187 801 2227 gaude,
862 2189 894 2220 2.
923 2185 1047 2229 Gaude,
1074 2186 1178 2218 Deum
1202 2186 1292 2227 virgo
1317 2188 1407 2226 paris

232 2236 314 2268 Vere
339 2243 463 2267 summa
488 2233 585 2275 digna
609 2233 716 2276 laude,
921 2234 967 2268 Et
993 2244 1053 2275 per
1078 2233 1193 2267 rubum
1220 2234 1398 2275 designaris

279 2282 403 2324 Gaude,
428 2284 533 2315 mater
557 2281 704 2323 luminis3
969 2282 1042 2315 Non
1067 2291 1197 2323 passum
1219 2282 1378 2328 incendia,

226 2333 300 2373 Eja,
325 2331 421 2365 nimis
446 2330 603 2372 speciosa,
921 2330 1021 2364 Verbi
1043 2331 1158 2372 pignus
1183 2330 1343 2364 incarnati

228 2382 347 2415 Potens
373 2382 406 2412 et
429 2379 612 2421 imperiosa,
922 2379 1011 2413 Tuae
1037 2379 1132 2412 datur
1157 2379 1285 2412 caritati

273 2428 380 2471 Larga
405 2427 495 2461 fonte
518 2427 667 2462 numinis.
968 2428 1006 2461 In
1031 2428 1121 2469 pacis
1146 2427 1319 2469 stipendia.

1282 2484 1322 2513 7*
