<?xml version="1.0" encoding="UTF-8"?>
<!DOCTYPE html PUBLIC "-//W3C//DTD XHTML 1.0 Transitional//EN"
    "http://www.w3.org/TR/xhtml1/DTD/xhtml1-transitional.dtd">
<html xmlns="http://www.w3.org/1999/xhtml" xml:lang="en" lang="en">
 <head>
  <title>
</title>
<meta http-equiv="Content-Type" content="text/html;charset=utf-8" />
  <meta name='ocr-system' content='tesseract 3.04.00' />
  <meta name='ocr-capabilities' content='ocr_page ocr_carea ocr_par ocr_line ocrx_word'/>
</head>
<body>
  <div class='ocr_page' id='page_1' title='image "./analectahymnica15drevuoft_00203.png"; bbox 0 0 1653 2668; ppageno 0'>
   <div class='ocr_carea' id='block_1_1' title="bbox 644 84 904 121">
    <p class='ocr_par' dir='ltr' id='par_1_1' title="bbox 644 84 904 121">
     <span class='ocr_line' id='line_1_1' title="bbox 644 84 904 121; baseline -0.015 -9"><span class='ocrx_word' id='word_1_1' title='bbox 644 84 904 121; x_wconf 45' lang='lat'>*200*</span> 
     </span>
    </p>
   </div>
   <div class='ocr_carea' id='block_1_2' title="bbox 551 195 1015 232">
    <p class='ocr_par' dir='ltr' id='par_1_2' title="bbox 551 195 1015 232">
     <span class='ocr_line' id='line_1_2' title="bbox 551 195 1015 232; baseline -0.013 0"><span class='ocrx_word' id='word_1_2' title='bbox 551 199 615 232; x_wconf 77' lang='lat'>172.</span> <span class='ocrx_word' id='word_1_3' title='bbox 656 198 699 230; x_wconf 77' lang='lat' dir='ltr'>De</span> <span class='ocrx_word' id='word_1_4' title='bbox 719 197 831 228; x_wconf 76' lang='lat' dir='ltr'>saneta</span> <span class='ocrx_word' id='word_1_5' title='bbox 850 195 1015 228; x_wconf 64' lang='lat' dir='ltr'>Dorothea</span> 
     </span>
    </p>
   </div>
   <div class='ocr_carea' id='block_1_3' title="bbox 137 281 610 555">
    <p class='ocr_par' dir='ltr' id='par_1_3' title="bbox 137 281 610 555">
     <span class='ocr_line' id='line_1_3' title="bbox 137 281 579 320; baseline -0.018 -1"><span class='ocrx_word' id='word_1_6' title='bbox 137 287 166 319; x_wconf 87' lang='lat'>1.</span> <span class='ocrx_word' id='word_1_7' title='bbox 192 282 303 319; x_wconf 88' lang='lat' dir='ltr'>Dulcis</span> <span class='ocrx_word' id='word_1_8' title='bbox 328 292 386 317; x_wconf 86' lang='lat' dir='ltr'>ave</span> <span class='ocrx_word' id='word_1_9' title='bbox 409 281 579 320; x_wconf 81' lang='lat' dir='ltr'>Dorothea,</span> 
     </span>
     <span class='ocr_line' id='line_1_4' title="bbox 193 328 610 366; baseline -0.017 0"><span class='ocrx_word' id='word_1_10' title='bbox 193 333 271 366; x_wconf 86' lang='lat' dir='ltr'>Post</span> <span class='ocrx_word' id='word_1_11' title='bbox 286 331 423 365; x_wconf 81' lang='lat' dir='ltr'>Mariam</span> <span class='ocrx_word' id='word_1_12' title='bbox 447 328 515 361; x_wconf 83' lang='lat' dir='ltr'>sola</span> <span class='ocrx_word' id='word_1_13' title='bbox 539 336 610 360; x_wconf 86' lang='lat' dir='ltr'>mea</span> 
     </span>
     <span class='ocr_line' id='line_1_5' title="bbox 241 377 573 420; baseline -0.018 -7"><span class='ocrx_word' id='word_1_14' title='bbox 241 378 401 420; x_wconf 73' lang='lat' dir='ltr'>sportella</span> <span class='ocrx_word' id='word_1_15' title='bbox 423 377 573 416; x_wconf 83' lang='lat' dir='ltr'>rosigera‚</span> 
     </span>
     <span class='ocr_line' id='line_1_6' title="bbox 193 423 603 467; baseline -0.012 -7"><span class='ocrx_word' id='word_1_16' title='bbox 193 427 240 459; x_wconf 78' lang='lat' dir='ltr'>Te</span> <span class='ocrx_word' id='word_1_17' title='bbox 262 426 483 467; x_wconf 78' lang='lat' dir='ltr'><strong>pedissequam</strong></span> <span class='ocrx_word' id='word_1_18' title='bbox 507 423 603 463; x_wconf 87' lang='lat' dir='ltr'>elegit</span> 
     </span>
     <span class='ocr_line' id='line_1_7' title="bbox 193 471 591 515; baseline -0.015 -7"><span class='ocrx_word' id='word_1_19' title='bbox 193 474 390 515; x_wconf 74' lang='lat' dir='ltr'><strong>singularem</strong></span> <span class='ocrx_word' id='word_1_20' title='bbox 414 475 445 504; x_wconf 85' lang='lat' dir='ltr'>et</span> <span class='ocrx_word' id='word_1_21' title='bbox 466 471 591 511; x_wconf 81' lang='lat' dir='ltr'>collegit</span> 
     </span>
     <span class='ocr_line' id='line_1_8' title="bbox 240 517 572 555; baseline -0.015 0"><span class='ocrx_word' id='word_1_22' title='bbox 240 521 350 555; x_wconf 85' lang='lat' dir='ltr'>Puella</span> <span class='ocrx_word' id='word_1_23' title='bbox 375 517 572 552; x_wconf 72' lang='lat' dir='ltr'>christifera.</span> 
     </span>
    </p>
   </div>
   <div class='ocr_carea' id='block_1_4' title="bbox 193 585 625 858">
    <p class='ocr_par' dir='ltr' id='par_1_4' title="bbox 193 585 625 858">
     <span class='ocr_line' id='line_1_9' title="bbox 198 585 569 625; baseline -0.016 -3"><span class='ocrx_word' id='word_1_24' title='bbox 198 585 245 622; x_wconf 92' lang='lat' dir='ltr'>Ob</span> <span class='ocrx_word' id='word_1_25' title='bbox 270 588 329 620; x_wconf 89' lang='lat' dir='ltr'>hoc</span> <span class='ocrx_word' id='word_1_26' title='bbox 353 595 429 619; x_wconf 87' lang='lat' dir='ltr'>aevo</span> <span class='ocrx_word' id='word_1_27' title='bbox 453 585 569 625; x_wconf 89' lang='lat' dir='ltr'>puerili</span> 
     </span>
     <span class='ocr_line' id='line_1_10' title="bbox 196 633 542 672; baseline -0.012 -4"><span class='ocrx_word' id='word_1_28' title='bbox 196 636 287 668; x_wconf 91' lang='lat' dir='ltr'>Culta</span> <span class='ocrx_word' id='word_1_29' title='bbox 311 634 415 667; x_wconf 86' lang='lat' dir='ltr'>studio</span> <span class='ocrx_word' id='word_1_30' title='bbox 441 633 542 672; x_wconf 85' lang='lat' dir='ltr'>senili,</span> 
     </span>
     <span class='ocr_line' id='line_1_11' title="bbox 239 680 575 719; baseline -0.012 -4"><span class='ocrx_word' id='word_1_31' title='bbox 239 680 414 715; x_wconf 84' lang='lat' dir='ltr'>Informata</span> <span class='ocrx_word' id='word_1_32' title='bbox 434 680 575 719; x_wconf 81' lang='lat' dir='ltr'>coelitus,</span> 
     </span>
     <span class='ocr_line' id='line_1_12' title="bbox 193 727 584 768; baseline -0.013 -5"><span class='ocrx_word' id='word_1_33' title='bbox 193 730 278 763; x_wconf 84' lang='lat' dir='ltr'>Deos</span> <span class='ocrx_word' id='word_1_34' title='bbox 302 729 401 762; x_wconf 83' lang='lat' dir='ltr'>falsos</span> <span class='ocrx_word' id='word_1_35' title='bbox 424 727 584 768; x_wconf 72' lang='lat' dir='ltr'>respuisti,</span> 
     </span>
     <span class='ocr_line' id='line_1_13' title="bbox 195 773 625 810; baseline -0.012 0"><span class='ocrx_word' id='word_1_36' title='bbox 195 777 384 810; x_wconf 76' lang='lat' dir='ltr'>Adamatrix</span> <span class='ocrx_word' id='word_1_37' title='bbox 406 775 484 808; x_wconf 85' lang='lat' dir='ltr'>Jesu</span> <span class='ocrx_word' id='word_1_38' title='bbox 508 773 625 807; x_wconf 77' lang='lat' dir='ltr'>Christi</span> 
     </span>
     <span class='ocr_line' id='line_1_14' title="bbox 241 821 624 858; baseline -0.013 0"><span class='ocrx_word' id='word_1_39' title='bbox 241 825 291 858; x_wconf 91' lang='lat' dir='ltr'>De</span> <span class='ocrx_word' id='word_1_40' title='bbox 312 823 407 857; x_wconf 86' lang='lat' dir='ltr'>corde</span> <span class='ocrx_word' id='word_1_41' title='bbox 431 821 624 855; x_wconf 84' lang='lat' dir='ltr'>medullitus.</span> 
     </span>
    </p>
   </div>
   <div class='ocr_carea' id='block_1_5' title="bbox 137 591 168 623">
    <p class='ocr_par' dir='ltr' id='par_1_5' title="bbox 137 591 168 623">
     <span class='ocr_line' id='line_1_15' title="bbox 137 591 168 623; textangle 90"><span class='ocrx_word' id='word_1_42' title='bbox 137 591 168 623; x_wconf 55' lang='lat'>30</span> 
     </span>
    </p>
   </div>
   <div class='ocr_carea' id='block_1_6' title="bbox 139 885 675 1167">
    <p class='ocr_par' dir='ltr' id='par_1_6' title="bbox 139 885 675 1167">
     <span class='ocr_line' id='line_1_16' title="bbox 139 885 675 931; baseline -0.006 -9"><span class='ocrx_word' id='word_1_43' title='bbox 139 885 171 926; x_wconf 59' lang='lat' dir='ltr'>:3ss</span> <span class='ocrx_word' id='word_1_44' title='bbox 196 888 283 925; x_wconf 83' lang='lat' dir='ltr'>Rosa</span> <span class='ocrx_word' id='word_1_45' title='bbox 306 898 452 931; x_wconf 85' lang='lat' dir='ltr'>vernans,</span> <span class='ocrx_word' id='word_1_46' title='bbox 475 890 521 921; x_wconf 89' lang='lat' dir='ltr'>sic</span> <span class='ocrx_word' id='word_1_47' title='bbox 545 888 675 921; x_wconf 88' lang='lat' dir='ltr'>odorem</span> 
     </span>
     <span class='ocr_line' id='line_1_17' title="bbox 195 937 670 978; baseline -0.006 -8"><span class='ocrx_word' id='word_1_48' title='bbox 195 939 295 971; x_wconf 86' lang='lat' dir='ltr'>Tuum</span> <span class='ocrx_word' id='word_1_49' title='bbox 319 937 442 978; x_wconf 84' lang='lat' dir='ltr'>spargis</span> <span class='ocrx_word' id='word_1_50' title='bbox 469 940 500 968; x_wconf 90' lang='lat' dir='ltr'>et</span> <span class='ocrx_word' id='word_1_51' title='bbox 524 944 670 975; x_wconf 87' lang='lat' dir='ltr'>saporem</span> 
     </span>
     <span class='ocr_line' id='line_1_18' title="bbox 242 984 628 1026; baseline -0.013 -8"><span class='ocrx_word' id='word_1_52' title='bbox 242 986 360 1026; x_wconf 84' lang='lat' dir='ltr'>Longe,</span> <span class='ocrx_word' id='word_1_53' title='bbox 386 985 451 1017; x_wconf 88' lang='lat' dir='ltr'>late</span> <span class='ocrx_word' id='word_1_54' title='bbox 477 984 628 1024; x_wconf 80' lang='lat' dir='ltr'>dulciter3</span> 
     </span>
     <span class='ocr_line' id='line_1_19' title="bbox 198 1030 670 1072; baseline -0.008 -6"><span class='ocrx_word' id='word_1_55' title='bbox 198 1032 283 1066; x_wconf 86' lang='lat' dir='ltr'>Hinc</span> <span class='ocrx_word' id='word_1_56' title='bbox 307 1043 327 1065; x_wconf 90' lang='lat' dir='ltr'>a</span> <span class='ocrx_word' id='word_1_57' title='bbox 350 1040 544 1072; x_wconf 84' lang='lat' dir='ltr'>paganorum</span> <span class='ocrx_word' id='word_1_58' title='bbox 568 1030 670 1063; x_wconf 78' lang='lat' dir='ltr'>turbis</span> 
     </span>
     <span class='ocr_line' id='line_1_20' title="bbox 195 1077 623 1119; baseline -0.005 -6"><span class='ocrx_word' id='word_1_59' title='bbox 195 1080 328 1114; x_wconf 77' lang='lat' dir='ltr'>Tradita</span> <span class='ocrx_word' id='word_1_60' title='bbox 351 1078 514 1119; x_wconf 81' lang='lat' dir='ltr'>praefecto</span> <span class='ocrx_word' id='word_1_61' title='bbox 534 1077 623 1111; x_wconf 84' lang='lat' dir='ltr'>urbis</span> 
     </span>
     <span class='ocr_line' id='line_1_21' title="bbox 243 1126 586 1167; baseline -0.009 -6"><span class='ocrx_word' id='word_1_62' title='bbox 243 1129 288 1161; x_wconf 80' lang='lat' dir='ltr'>Es</span> <span class='ocrx_word' id='word_1_63' title='bbox 315 1127 402 1167; x_wconf 76' lang='lat' dir='ltr'>virgo</span> <span class='ocrx_word' id='word_1_64' title='bbox 427 1126 586 1158; x_wconf 82' lang='lat' dir='ltr'>ferociter.</span> 
     </span>
    </p>
   </div>
   <div class='ocr_carea' id='block_1_7' title="bbox 140 1190 681 1470">
    <p class='ocr_par' dir='ltr' id='par_1_7' title="bbox 140 1190 681 1470">
     <span class='ocr_line' id='line_1_22' title="bbox 140 1190 612 1234; baseline -0.008 -6"><span class='ocrx_word' id='word_1_65' title='bbox 140 1197 171 1228; x_wconf 82' lang='lat'>4.</span> <span class='ocrx_word' id='word_1_66' title='bbox 198 1190 223 1228; x_wconf 89' lang='grc' dir='ltr'>Ο</span> <span class='ocrx_word' id='word_1_67' title='bbox 250 1202 343 1234; x_wconf 83' lang='lat' dir='ltr'>quam</span> <span class='ocrx_word' id='word_1_68' title='bbox 369 1193 439 1226; x_wconf 80' lang='lat' dir='ltr'>dire</span> <span class='ocrx_word' id='word_1_69' title='bbox 463 1193 612 1232; x_wconf 83' lang='lat' dir='ltr'>cruciata,</span> 
     </span>
     <span class='ocr_line' id='line_1_23' title="bbox 197 1243 576 1280; baseline -0.008 -6"><span class='ocrx_word' id='word_1_70' title='bbox 197 1243 234 1275; x_wconf 86' lang='lat' dir='ltr'>1n</span> <span class='ocrx_word' id='word_1_71' title='bbox 261 1243 382 1273; x_wconf 81' lang='lat' dir='ltr'>catasta</span> <span class='ocrx_word' id='word_1_72' title='bbox 405 1244 459 1272; x_wconf 88' lang='lat' dir='ltr'>tua</span> <span class='ocrx_word' id='word_1_73' title='bbox 485 1243 576 1280; x_wconf 81' lang='lat' dir='ltr'>grata</span> 
     </span>
     <span class='ocr_line' id='line_1_24' title="bbox 247 1288 646 1326; baseline -0.005 -5"><span class='ocrx_word' id='word_1_74' title='bbox 247 1288 327 1321; x_wconf 87' lang='lat' dir='ltr'>Sunt</span> <span class='ocrx_word' id='word_1_75' title='bbox 352 1288 491 1320; x_wconf 87' lang='lat' dir='ltr'>distenta</span> <span class='ocrx_word' id='word_1_76' title='bbox 514 1288 646 1326; x_wconf 79' lang='lat' dir='ltr'>viscera,</span> 
     </span>
     <span class='ocr_line' id='line_1_25' title="bbox 197 1334 681 1374; baseline -0.004 -6"><span class='ocrx_word' id='word_1_77' title='bbox 197 1335 282 1368; x_wconf 88' lang='lat' dir='ltr'>Hinc</span> <span class='ocrx_word' id='word_1_78' title='bbox 304 1337 337 1368; x_wconf 91' lang='lat' dir='ltr'>in</span> <span class='ocrx_word' id='word_1_79' title='bbox 359 1335 447 1367; x_wconf 88' lang='lat' dir='ltr'>vultu</span> <span class='ocrx_word' id='word_1_80' title='bbox 471 1334 555 1367; x_wconf 84' lang='lat' dir='ltr'>fuste</span> <span class='ocrx_word' id='word_1_81' title='bbox 579 1342 681 1374; x_wconf 84' lang='lat' dir='ltr'>caesa,</span> 
     </span>
     <span class='ocr_line' id='line_1_26' title="bbox 197 1382 577 1423; baseline -0.003 -8"><span class='ocrx_word' id='word_1_82' title='bbox 197 1382 388 1423; x_wconf 82' lang='lat' dir='ltr'>Faculisque</span> <span class='ocrx_word' id='word_1_83' title='bbox 412 1386 467 1415; x_wconf 87' lang='lat' dir='ltr'>tua</span> <span class='ocrx_word' id='word_1_84' title='bbox 489 1383 577 1415; x_wconf 87' lang='lat' dir='ltr'>laesa</span> 
     </span>
     <span class='ocr_line' id='line_1_27' title="bbox 247 1430 646 1470; baseline 0 -7"><span class='ocrx_word' id='word_1_85' title='bbox 247 1431 327 1463; x_wconf 84' lang='lat' dir='ltr'>Sunt</span> <span class='ocrx_word' id='word_1_86' title='bbox 349 1431 516 1470; x_wconf 86' lang='lat' dir='ltr'>praeclara</span> <span class='ocrx_word' id='word_1_87' title='bbox 537 1430 646 1463; x_wconf 84' lang='lat' dir='ltr'>ubera.</span> 
     </span>
    </p>
   </div>
   <div class='ocr_carea' id='block_1_8' title="bbox 811 274 1368 312">
    <p class='ocr_par' dir='ltr' id='par_1_8' title="bbox 811 274 1368 312">
     <span class='ocr_line' id='line_1_28' title="bbox 811 274 1368 312; baseline -0.013 0"><span class='ocrx_word' id='word_1_88' title='bbox 811 279 842 312; x_wconf 80' lang='lat'>5.</span> <span class='ocrx_word' id='word_1_89' title='bbox 869 275 1013 312; x_wconf 80' lang='lat' dir='ltr'>Tandem</span> <span class='ocrx_word' id='word_1_90' title='bbox 1038 277 1229 308; x_wconf 81' lang='lat' dir='ltr'>revocantur</span> <span class='ocrx_word' id='word_1_91' title='bbox 1258 274 1368 306; x_wconf 79' lang='lat' dir='ltr'>tristes</span> 
     </span>
    </p>
   </div>
   <div class='ocr_carea' id='block_1_9' title="bbox 869 322 1324 556">
    <p class='ocr_par' dir='ltr' id='par_1_9' title="bbox 870 322 1316 413">
     <span class='ocr_line' id='line_1_29' title="bbox 870 322 1298 364; baseline -0.009 -7"><span class='ocrx_word' id='word_1_92' title='bbox 870 324 996 358; x_wconf 75' lang='lat' dir='ltr'>Christe</span> <span class='ocrx_word' id='word_1_93' title='bbox 1023 326 1118 364; x_wconf 80' lang='lat' dir='ltr'>atque</span> <span class='ocrx_word' id='word_1_94' title='bbox 1142 322 1298 356; x_wconf 78' lang='lat' dir='ltr'>Kallistes</span> 
     </span>
     <span class='ocr_line' id='line_1_30' title="bbox 916 370 1316 413; baseline -0.005 -9"><span class='ocrx_word' id='word_1_95' title='bbox 916 372 979 404; x_wconf 88' lang='lat' dir='ltr'>Per</span> <span class='ocrx_word' id='word_1_96' title='bbox 1003 375 1046 412; x_wconf 84' lang='lat' dir='ltr'>te,</span> <span class='ocrx_word' id='word_1_97' title='bbox 1072 372 1162 413; x_wconf 79' lang='lat' dir='ltr'>virgo</span> <span class='ocrx_word' id='word_1_98' title='bbox 1186 370 1316 410; x_wconf 82' lang='lat' dir='ltr'>nobilis,</span> 
     </span>
    </p>

    <p class='ocr_par' dir='ltr' id='par_1_10' title="bbox 869 419 1319 461">
     <span class='ocr_line' id='line_1_31' title="bbox 869 419 1319 461; baseline -0.007 -8"><span class='ocrx_word' id='word_1_99' title='bbox 869 420 987 461; x_wconf 64' lang='lat' dir='ltr'>Quibus</span> <span class='ocrx_word' id='word_1_100' title='bbox 1011 419 1085 460; x_wconf 84' lang='lat' dir='ltr'>igne</span> <span class='ocrx_word' id='word_1_101' title='bbox 1110 419 1319 451; x_wconf 86' lang='lat' dir='ltr'>concrematis</span> 
     </span>
    </p>

    <p class='ocr_par' dir='ltr' id='par_1_11' title="bbox 870 467 1324 556">
     <span class='ocr_line' id='line_1_32' title="bbox 870 467 1272 501; baseline -0.002 -1"><span class='ocrx_word' id='word_1_102' title='bbox 870 468 915 501; x_wconf 87' lang='lat' dir='ltr'>Et</span> <span class='ocrx_word' id='word_1_103' title='bbox 938 469 971 500; x_wconf 88' lang='lat' dir='ltr'>in</span> <span class='ocrx_word' id='word_1_104' title='bbox 997 468 1083 500; x_wconf 86' lang='lat' dir='ltr'>coelo</span> <span class='ocrx_word' id='word_1_105' title='bbox 1110 467 1272 500; x_wconf 87' lang='lat' dir='ltr'>collocatis</span> 
     </span>
     <span class='ocr_line' id='line_1_33' title="bbox 918 515 1324 556; baseline -0.002 -9"><span class='ocrx_word' id='word_1_106' title='bbox 918 515 968 548; x_wconf 88' lang='lat' dir='ltr'>Tu</span> <span class='ocrx_word' id='word_1_107' title='bbox 992 520 1117 556; x_wconf 85' lang='lat' dir='ltr'>perstas</span> <span class='ocrx_word' id='word_1_108' title='bbox 1143 515 1324 547; x_wconf 90' lang='lat' dir='ltr'>immobilis.</span> 
     </span>
    </p>
   </div>
   <div class='ocr_carea' id='block_1_10' title="bbox 811 580 1358 623">
    <p class='ocr_par' dir='ltr' id='par_1_12' title="bbox 811 580 1358 623">
     <span class='ocr_line' id='line_1_34' title="bbox 811 580 1358 623; baseline -0.009 -5"><span class='ocrx_word' id='word_1_109' title='bbox 811 585 842 618; x_wconf 92' lang='lat'>6.</span> <span class='ocrx_word' id='word_1_110' title='bbox 868 580 940 617; x_wconf 86' lang='lat' dir='ltr'>Heu</span> <span class='ocrx_word' id='word_1_111' title='bbox 964 581 1094 614; x_wconf 87' lang='lat' dir='ltr'>tandem</span> <span class='ocrx_word' id='word_1_112' title='bbox 1118 585 1153 614; x_wconf 91' lang='lat' dir='ltr'>tu</span> <span class='ocrx_word' id='word_1_113' title='bbox 1179 582 1358 623; x_wconf 87' lang='lat' dir='ltr'>decollaris‚</span> 
     </span>
    </p>
   </div>
   <div class='ocr_carea' id='block_1_11' title="bbox 871 629 1390 854">
    <p class='ocr_par' dir='ltr' id='par_1_13' title="bbox 871 629 1390 816">
     <span class='ocr_line' id='line_1_35' title="bbox 871 629 1289 670; baseline -0.007 -7"><span class='ocrx_word' id='word_1_114' title='bbox 871 630 936 663; x_wconf 86' lang='lat' dir='ltr'>Sed</span> <span class='ocrx_word' id='word_1_115' title='bbox 960 629 994 662; x_wconf 89' lang='lat' dir='ltr'>in</span> <span class='ocrx_word' id='word_1_116' title='bbox 1019 629 1116 662; x_wconf 89' lang='lat' dir='ltr'>coelis</span> <span class='ocrx_word' id='word_1_117' title='bbox 1141 629 1289 670; x_wconf 87' lang='lat' dir='ltr'>gloriaris</span> 
     </span>
     <span class='ocr_line' id='line_1_36' title="bbox 919 677 1356 717; baseline 0.002 -8"><span class='ocrx_word' id='word_1_118' title='bbox 919 678 1153 710; x_wconf 80' lang='lat' dir='ltr'>Transmittens</span> <span class='ocrx_word' id='word_1_119' title='bbox 1178 677 1356 717; x_wconf 86' lang='lat' dir='ltr'>Theophilo</span> 
     </span>
     <span class='ocr_line' id='line_1_37' title="bbox 873 725 1390 767; baseline -0.004 -8"><span class='ocrx_word' id='word_1_120' title='bbox 873 725 951 759; x_wconf 78' lang='lat' dir='ltr'>Cum</span> <span class='ocrx_word' id='word_1_121' title='bbox 974 726 1077 765; x_wconf 87' lang='lat' dir='ltr'>pomis</span> <span class='ocrx_word' id='word_1_122' title='bbox 1102 728 1272 758; x_wconf 79' lang='lat' dir='ltr'>vernantes</span> <span class='ocrx_word' id='word_1_123' title='bbox 1290 733 1390 767; x_wconf 84' lang='lat' dir='ltr'>rosas,</span> 
     </span>
     <span class='ocr_line' id='line_1_38' title="bbox 872 773 1227 816; baseline -0.003 -10"><span class='ocrx_word' id='word_1_124' title='bbox 872 773 1048 816; x_wconf 86' lang='lat' dir='ltr'>Speciosas,</span> <span class='ocrx_word' id='word_1_125' title='bbox 1075 773 1227 806; x_wconf 84' lang='lat' dir='ltr'>odorosas</span> 
     </span>
    </p>

    <p class='ocr_par' dir='ltr' id='par_1_14' title="bbox 920 821 1230 854">
     <span class='ocr_line' id='line_1_39' title="bbox 920 821 1230 854; baseline -0.003 -1"><span class='ocrx_word' id='word_1_126' title='bbox 920 821 1068 854; x_wconf 88' lang='lat' dir='ltr'>Paradisi</span> <span class='ocrx_word' id='word_1_127' title='bbox 1093 821 1230 853; x_wconf 89' lang='lat' dir='ltr'>hortulo.</span> 
     </span>
    </p>
   </div>
   <div class='ocr_carea' id='block_1_12' title="bbox 815 884 1268 928">
    <p class='ocr_par' dir='ltr' id='par_1_15' title="bbox 815 884 1268 928">
     <span class='ocr_line' id='line_1_40' title="bbox 815 884 1268 928; baseline -0.002 -7"><span class='ocrx_word' id='word_1_128' title='bbox 815 890 844 921; x_wconf 84' lang='lat'>7.</span> <span class='ocrx_word' id='word_1_129' title='bbox 868 884 943 928; x_wconf 82' lang='lat' dir='ltr'>Eja,</span> <span class='ocrx_word' id='word_1_130' title='bbox 971 887 1072 919; x_wconf 86' lang='lat' dir='ltr'>dulcis</span> <span class='ocrx_word' id='word_1_131' title='bbox 1094 887 1268 927; x_wconf 74' lang='lat' dir='ltr'>Dorothea,</span> 
     </span>
    </p>
   </div>
   <div class='ocr_carea' id='block_1_13' title="bbox 871 935 1440 1160">
    <p class='ocr_par' dir='ltr' id='par_1_16' title="bbox 873 935 1332 1023">
     <span class='ocr_line' id='line_1_41' title="bbox 873 935 1332 976; baseline 0.002 -9"><span class='ocrx_word' id='word_1_132' title='bbox 873 935 923 967; x_wconf 89' lang='lat' dir='ltr'>De</span> <span class='ocrx_word' id='word_1_133' title='bbox 948 935 1079 975; x_wconf 82' lang='lat' dir='ltr'>maligni</span> <span class='ocrx_word' id='word_1_134' title='bbox 1103 943 1154 967; x_wconf 90' lang='lat' dir='ltr'>me</span> <span class='ocrx_word' id='word_1_135' title='bbox 1178 935 1332 976; x_wconf 86' lang='lat' dir='ltr'>romphea</span> 
     </span>
     <span class='ocr_line' id='line_1_42' title="bbox 919 982 1243 1023; baseline 0.003 -9"><span class='ocrx_word' id='word_1_136' title='bbox 919 982 1031 1015; x_wconf 88' lang='lat' dir='ltr'>Hostis</span> <span class='ocrx_word' id='word_1_137' title='bbox 1055 983 1109 1023; x_wconf 90' lang='lat' dir='ltr'>pie</span> <span class='ocrx_word' id='word_1_138' title='bbox 1133 982 1243 1023; x_wconf 88' lang='lat' dir='ltr'>libera,</span> 
     </span>
    </p>

    <p class='ocr_par' dir='ltr' id='par_1_17' title="bbox 871 1030 1440 1072">
     <span class='ocr_line' id='line_1_43' title="bbox 871 1030 1440 1072; baseline 0 -9"><span class='ocrx_word' id='word_1_139' title='bbox 871 1031 941 1063; x_wconf 86' lang='lat' dir='ltr'>Fac</span> <span class='ocrx_word' id='word_1_140' title='bbox 957 1032 992 1062; x_wconf 80' lang='lat' dir='ltr'>ut</span> <span class='ocrx_word' id='word_1_141' title='bbox 1007 1030 1156 1072; x_wconf 85' lang='lat' dir='ltr'>plangam</span> <span class='ocrx_word' id='word_1_142' title='bbox 1170 1031 1291 1064; x_wconf 79' lang='lat' dir='ltr'>Christi</span> <span class='ocrx_word' id='word_1_143' title='bbox 1305 1034 1440 1064; x_wconf 83' lang='lat' dir='ltr'>mortem</span> 
     </span>
    </p>

    <p class='ocr_par' dir='ltr' id='par_1_18' title="bbox 874 1076 1377 1160">
     <span class='ocr_line' id='line_1_44' title="bbox 874 1076 1377 1119; baseline 0.002 -9"><span class='ocrx_word' id='word_1_144' title='bbox 874 1077 953 1111; x_wconf 83' lang='lat' dir='ltr'>Cum</span> <span class='ocrx_word' id='word_1_145' title='bbox 977 1078 1085 1110; x_wconf 84' lang='lat' dir='ltr'>Maria</span> <span class='ocrx_word' id='word_1_146' title='bbox 1107 1087 1234 1119; x_wconf 84' lang='lat' dir='ltr'>semper</span> <span class='ocrx_word' id='word_1_147' title='bbox 1259 1076 1377 1111; x_wconf 79' lang='lat' dir='ltr'>fortem</span> 
     </span>
     <span class='ocr_line' id='line_1_45' title="bbox 919 1125 1341 1160; baseline 0.002 -3"><span class='ocrx_word' id='word_1_148' title='bbox 919 1125 964 1157; x_wconf 85' lang='lat' dir='ltr'>Et</span> <span class='ocrx_word' id='word_1_149' title='bbox 987 1125 1067 1158; x_wconf 89' lang='lat' dir='ltr'>haec</span> <span class='ocrx_word' id='word_1_150' title='bbox 1091 1126 1175 1159; x_wconf 85' lang='lat' dir='ltr'>adde</span> <span class='ocrx_word' id='word_1_151' title='bbox 1200 1135 1341 1160; x_wconf 84' lang='lat' dir='ltr'>munera.</span> 
     </span>
    </p>
   </div>
   <div class='ocr_carea' id='block_1_14' title="bbox 841 1189 1286 1233">
    <p class='ocr_par' dir='ltr' id='par_1_19' title="bbox 841 1189 1286 1233">
     <span class='ocr_line' id='line_1_46' title="bbox 841 1189 1286 1233; baseline 0.002 -8"><span class='ocrx_word' id='word_1_152' title='bbox 841 1219 848 1225; x_wconf 92' lang='lat'>.</span> <span class='ocrx_word' id='word_1_153' title='bbox 874 1189 906 1225; x_wconf 83' lang='lat' dir='ltr'>A</span> <span class='ocrx_word' id='word_1_154' title='bbox 930 1192 1072 1224; x_wconf 82' lang='lat' dir='ltr'>verenda</span> <span class='ocrx_word' id='word_1_155' title='bbox 1094 1196 1286 1233; x_wconf 86' lang='lat' dir='ltr'>paupertate</span> 
     </span>
    </p>
   </div>
   <div class='ocr_carea' id='block_1_15' title="bbox 873 1239 1374 1467">
    <p class='ocr_par' dir='ltr' id='par_1_20' title="bbox 873 1239 1374 1467">
     <span class='ocr_line' id='line_1_47' title="bbox 873 1239 1306 1281; baseline 0.005 -10"><span class='ocrx_word' id='word_1_156' title='bbox 873 1239 918 1271; x_wconf 88' lang='lat' dir='ltr'>Et</span> <span class='ocrx_word' id='word_1_157' title='bbox 941 1240 981 1272; x_wconf 88' lang='lat' dir='ltr'>ab</span> <span class='ocrx_word' id='word_1_158' title='bbox 1007 1241 1093 1272; x_wconf 88' lang='lat' dir='ltr'>omni</span> <span class='ocrx_word' id='word_1_159' title='bbox 1116 1244 1306 1281; x_wconf 84' lang='lat' dir='ltr'>tempestate</span> 
     </span>
     <span class='ocr_line' id='line_1_48' title="bbox 921 1286 1297 1322; baseline 0.008 -3"><span class='ocrx_word' id='word_1_160' title='bbox 921 1286 989 1319; x_wconf 84' lang='lat' dir='ltr'>Nec</span> <span class='ocrx_word' id='word_1_161' title='bbox 1012 1296 1076 1320; x_wconf 89' lang='lat' dir='ltr'>non</span> <span class='ocrx_word' id='word_1_162' title='bbox 1100 1288 1140 1320; x_wconf 86' lang='lat' dir='ltr'>ab</span> <span class='ocrx_word' id='word_1_163' title='bbox 1163 1288 1297 1322; x_wconf 85' lang='lat' dir='ltr'>infamia</span> 
     </span>
     <span class='ocr_line' id='line_1_49' title="bbox 875 1335 1343 1380; baseline 0.009 -14"><span class='ocrx_word' id='word_1_164' title='bbox 875 1335 932 1367; x_wconf 88' lang='lat' dir='ltr'>Me</span> <span class='ocrx_word' id='word_1_165' title='bbox 957 1336 1090 1377; x_wconf 88' lang='lat' dir='ltr'>custodi,</span> <span class='ocrx_word' id='word_1_166' title='bbox 1116 1345 1168 1368; x_wconf 88' lang='lat' dir='ltr'>me</span> <span class='ocrx_word' id='word_1_167' title='bbox 1191 1338 1343 1380; x_wconf 81' lang='lat' dir='ltr'>guberna,</span> 
     </span>
     <span class='ocr_line' id='line_1_50' title="bbox 880 1382 1374 1428; baseline 0.008 -14"><span class='ocrx_word' id='word_1_168' title='bbox 880 1382 904 1415; x_wconf 93' lang='lat' dir='ltr'>O</span> <span class='ocrx_word' id='word_1_169' title='bbox 929 1384 1097 1422; x_wconf 84' lang='lat' dir='ltr'>praeclara</span> <span class='ocrx_word' id='word_1_170' title='bbox 1123 1384 1241 1417; x_wconf 85' lang='lat' dir='ltr'>Christi</span> <span class='ocrx_word' id='word_1_171' title='bbox 1266 1394 1374 1428; x_wconf 84' lang='lat' dir='ltr'>verna,</span> 
     </span>
     <span class='ocr_line' id='line_1_51' title="bbox 925 1431 1303 1467; baseline 0.008 -4"><span class='ocrx_word' id='word_1_172' title='bbox 925 1431 988 1463; x_wconf 82' lang='lat' dir='ltr'>Per</span> <span class='ocrx_word' id='word_1_173' title='bbox 1012 1433 1143 1465; x_wconf 83' lang='lat' dir='ltr'>aeterna</span> <span class='ocrx_word' id='word_1_174' title='bbox 1166 1434 1303 1467; x_wconf 84' lang='lat' dir='ltr'>saecula.</span> 
     </span>
    </p>
   </div>
   <div class='ocr_carea' id='block_1_16' title="bbox 140 1494 1443 1606">
    <p class='ocr_par' dir='ltr' id='par_1_21' title="bbox 140 1494 1443 1606">
     <span class='ocr_line' id='line_1_52' title="bbox 217 1494 1443 1527; baseline 0.003 -4"><span class='ocrx_word' id='word_1_175' title='bbox 217 1495 296 1523; x_wconf 82' lang='lat' dir='ltr'>Orat.</span> <span class='ocrx_word' id='word_1_176' title='bbox 315 1504 368 1523; x_wconf 85' lang='lat' dir='ltr'>ms.</span> <span class='ocrx_word' id='word_1_177' title='bbox 390 1494 541 1524; x_wconf 68' lang='lat' dir='ltr'>Seotomm</span> <span class='ocrx_word' id='word_1_178' title='bbox 556 1495 759 1524; x_wconf 73' lang='lat' dir='ltr'>vindobonen-</span> <span class='ocrx_word' id='word_1_179' title='bbox 781 1494 818 1524; x_wconf 70' lang='lat'>52</span> <span class='ocrx_word' id='word_1_180' title='bbox 838 1496 856 1523; x_wconf 85' lang='lat' dir='ltr'>d</span> <span class='ocrx_word' id='word_1_181' title='bbox 875 1494 920 1523; x_wconf 82' lang='lat'>11.</span> <span class='ocrx_word' id='word_1_182' title='bbox 941 1505 1016 1525; x_wconf 82' lang='lat' dir='ltr'>saee-</span> <span class='ocrx_word' id='word_1_183' title='bbox 1037 1496 1082 1526; x_wconf 82' lang='lat'>15.</span> <span class='ocrx_word' id='word_1_184' title='bbox 1102 1499 1136 1525; x_wconf 82' lang='lat' dir='ltr'>A.</span> <span class='ocrx_word' id='word_1_185' title='bbox 1152 1514 1189 1519; x_wconf 81' lang='lat'>-—</span> <span class='ocrx_word' id='word_1_186' title='bbox 1204 1498 1276 1527; x_wconf 84' lang='lat' dir='ltr'>Clm.</span> <span class='ocrx_word' id='word_1_187' title='bbox 1289 1500 1443 1527; x_wconf 84' lang='lat' dir='ltr'>Monacen.</span> 
     </span>
     <span class='ocr_line' id='line_1_53' title="bbox 140 1531 1442 1573; baseline 0.003 -11"><span class='ocrx_word' id='word_1_188' title='bbox 140 1532 189 1569; x_wconf 84' lang='lat' dir='ltr'>(ol.</span> <span class='ocrx_word' id='word_1_189' title='bbox 210 1533 239 1562; x_wconf 88' lang='lat' dir='ltr'>S.</span> <span class='ocrx_word' id='word_1_190' title='bbox 259 1533 391 1563; x_wconf 83' lang='lat' dir='ltr'>Udah·ici</span> <span class='ocrx_word' id='word_1_191' title='bbox 412 1536 441 1561; x_wconf 86' lang='lat' dir='ltr'>et</span> <span class='ocrx_word' id='word_1_192' title='bbox 460 1533 557 1568; x_wconf 84' lang='lat' dir='ltr'>Afrae)</span> <span class='ocrx_word' id='word_1_193' title='bbox 577 1531 653 1562; x_wconf 79' lang='lat'>4423</span> <span class='ocrx_word' id='word_1_194' title='bbox 673 1536 744 1562; x_wconf 81' lang='lat' dir='ltr'>anni</span> <span class='ocrx_word' id='word_1_195' title='bbox 766 1531 847 1562; x_wconf 77' lang='lat'>1431.</span> <span class='ocrx_word' id='word_1_196' title='bbox 867 1534 901 1561; x_wconf 87' lang='grc' dir='ltr'>Β.</span> <span class='ocrx_word' id='word_1_197' title='bbox 921 1550 959 1556; x_wconf 85' lang='lat'>—-</span> <span class='ocrx_word' id='word_1_198' title='bbox 978 1533 1004 1568; x_wconf 83' lang='lat'>5,</span> <span class='ocrx_word' id='word_1_199' title='bbox 1026 1534 1043 1563; x_wconf 80' lang='lat'><strong><em>2</em></strong></span> <span class='ocrx_word' id='word_1_200' title='bbox 1057 1536 1178 1565; x_wconf 87' lang='lat' dir='ltr'>Kristen</span> <span class='ocrx_word' id='word_1_201' title='bbox 1198 1539 1287 1573; x_wconf 83' lang='lat' dir='ltr'>atque</span> <span class='ocrx_word' id='word_1_202' title='bbox 1299 1537 1442 1566; x_wconf 87' lang='lat' dir='ltr'>Kallistes</span> 
     </span>
     <span class='ocr_line' id='line_1_54' title="bbox 140 1570 1249 1606; baseline 0.003 -7"><span class='ocrx_word' id='word_1_203' title='bbox 140 1572 199 1600; x_wconf 87' lang='lat' dir='ltr'>AB.</span> <span class='ocrx_word' id='word_1_204' title='bbox 219 1586 256 1591; x_wconf 89' lang='lat'>—</span> <span class='ocrx_word' id='word_1_205' title='bbox 276 1570 302 1606; x_wconf 73' lang='grc'>5,</span> <span class='ocrx_word' id='word_1_206' title='bbox 327 1571 343 1600; x_wconf 87' lang='grc'>6</span> <span class='ocrx_word' id='word_1_207' title='bbox 362 1572 408 1600; x_wconf 84' lang='lat' dir='ltr'>Tu</span> <span class='ocrx_word' id='word_1_208' title='bbox 427 1572 500 1600; x_wconf 85' lang='lat' dir='ltr'>fehlt</span> <span class='ocrx_word' id='word_1_209' title='bbox 518 1572 550 1600; x_wconf 87' lang='lat' dir='ltr'>B.</span> <span class='ocrx_word' id='word_1_210' title='bbox 572 1587 610 1593; x_wconf 91' lang='lat'>—</span> <span class='ocrx_word' id='word_1_211' title='bbox 630 1570 655 1606; x_wconf 76' lang='grc'>6,</span> <span class='ocrx_word' id='word_1_212' title='bbox 679 1572 693 1600; x_wconf 90' lang='grc'>1</span> <span class='ocrx_word' id='word_1_213' title='bbox 714 1574 759 1601; x_wconf 82' lang='lat' dir='ltr'>Tu</span> <span class='ocrx_word' id='word_1_214' title='bbox 779 1572 852 1600; x_wconf 81' lang='lat' dir='ltr'>fehlt</span> <span class='ocrx_word' id='word_1_215' title='bbox 870 1572 903 1600; x_wconf 89' lang='grc' dir='ltr'>Β.</span> <span class='ocrx_word' id='word_1_216' title='bbox 924 1588 961 1593; x_wconf 92' lang='lat'>—</span> <span class='ocrx_word' id='word_1_217' title='bbox 983 1570 1009 1605; x_wconf 84' lang='lat'>8,</span> <span class='ocrx_word' id='word_1_218' title='bbox 1033 1573 1047 1602; x_wconf 84' lang='lat'><strong>1</strong></span> <span class='ocrx_word' id='word_1_219' title='bbox 1069 1575 1196 1603; x_wconf 74' lang='lat' dir='ltr'>hei-enda</span> <span class='ocrx_word' id='word_1_220' title='bbox 1216 1576 1249 1604; x_wconf 86' lang='grc' dir='ltr'>Β.</span> 
     </span>
    </p>
   </div>
   <div class='ocr_carea' id='block_1_17' title="bbox 554 1721 1012 1756">
    <p class='ocr_par' dir='ltr' id='par_1_22' title="bbox 554 1721 1012 1756">
     <span class='ocr_line' id='line_1_55' title="bbox 554 1721 1012 1756; baseline 0.007 -3"><span class='ocrx_word' id='word_1_221' title='bbox 554 1721 614 1753; x_wconf 80' lang='grc'>173.</span> <span class='ocrx_word' id='word_1_222' title='bbox 654 1722 699 1754; x_wconf 83' lang='lat' dir='ltr'>De</span> <span class='ocrx_word' id='word_1_223' title='bbox 718 1723 828 1754; x_wconf 83' lang='lat' dir='ltr'>saneta</span> <span class='ocrx_word' id='word_1_224' title='bbox 847 1724 1012 1756; x_wconf 74' lang='lat' dir='ltr'>Dorothea,</span> 
     </span>
    </p>
   </div>
   <div class='ocr_carea' id='block_1_18' title="bbox 144 1815 662 2187">
    <p class='ocr_par' dir='ltr' id='par_1_23' title="bbox 144 1815 544 1860">
     <span class='ocr_line' id='line_1_56' title="bbox 144 1815 544 1860; baseline 0.003 -9"><span class='ocrx_word' id='word_1_225' title='bbox 144 1820 173 1851; x_wconf 86' lang='lat'>1.</span> <span class='ocrx_word' id='word_1_226' title='bbox 200 1815 260 1852; x_wconf 87' lang='lat' dir='ltr'>Dei</span> <span class='ocrx_word' id='word_1_227' title='bbox 285 1827 402 1858; x_wconf 90' lang='lat' dir='ltr'>sponsa</span> <span class='ocrx_word' id='word_1_228' title='bbox 424 1819 544 1860; x_wconf 89' lang='lat' dir='ltr'>inclita,</span> 
     </span>
    </p>

    <p class='ocr_par' dir='ltr' id='par_1_24' title="bbox 247 1866 537 1908">
     <span class='ocr_line' id='line_1_57' title="bbox 247 1866 537 1908; baseline 0.01 -11"><span class='ocrx_word' id='word_1_229' title='bbox 247 1866 343 1906; x_wconf 87' lang='lat' dir='ltr'>Virgo</span> <span class='ocrx_word' id='word_1_230' title='bbox 367 1866 537 1908; x_wconf 88' lang='lat' dir='ltr'>Dorothea,</span> 
     </span>
    </p>

    <p class='ocr_par' dir='ltr' id='par_1_25' title="bbox 201 1913 627 2002">
     <span class='ocr_line' id='line_1_58' title="bbox 201 1913 627 1955; baseline 0.009 -11"><span class='ocrx_word' id='word_1_231' title='bbox 201 1914 286 1953; x_wconf 72' lang='lat' dir='ltr'>Quae</span> <span class='ocrx_word' id='word_1_232' title='bbox 309 1913 342 1945; x_wconf 90' lang='lat' dir='ltr'>in</span> <span class='ocrx_word' id='word_1_233' title='bbox 368 1914 462 1947; x_wconf 88' lang='lat' dir='ltr'>coelis</span> <span class='ocrx_word' id='word_1_234' title='bbox 487 1916 627 1955; x_wconf 85' lang='lat' dir='ltr'>sequeris</span> 
     </span>
     <span class='ocr_line' id='line_1_59' title="bbox 247 1961 601 2002; baseline 0.008 -10"><span class='ocrx_word' id='word_1_235' title='bbox 247 1961 383 2002; x_wconf 83' lang='lat' dir='ltr'>Agnum,</span> <span class='ocrx_word' id='word_1_236' title='bbox 409 1963 451 1994; x_wconf 82' lang='lat' dir='ltr'>ad</span> <span class='ocrx_word' id='word_1_237' title='bbox 474 1965 508 1994; x_wconf 88' lang='lat' dir='ltr'>te</span> <span class='ocrx_word' id='word_1_238' title='bbox 530 1972 601 1995; x_wconf 87' lang='lat' dir='ltr'>mea</span> 
     </span>
    </p>

    <p class='ocr_par' dir='ltr' id='par_1_26' title="bbox 201 2008 590 2091">
     <span class='ocr_line' id='line_1_60' title="bbox 201 2008 582 2047; baseline 0.01 -8"><span class='ocrx_word' id='word_1_239' title='bbox 201 2008 273 2040; x_wconf 82' lang='lat' dir='ltr'>Heu</span> <span class='ocrx_word' id='word_1_240' title='bbox 290 2010 454 2047; x_wconf 75' lang='lat' dir='ltr'>peccatrix</span> <span class='ocrx_word' id='word_1_241' title='bbox 475 2011 582 2043; x_wconf 81' lang='lat' dir='ltr'>anima</span> 
     </span>
     <span class='ocr_line' id='line_1_61' title="bbox 249 2056 590 2091; baseline 0.009 -4"><span class='ocrx_word' id='word_1_242' title='bbox 249 2056 362 2089; x_wconf 90' lang='lat' dir='ltr'>clamat</span> <span class='ocrx_word' id='word_1_243' title='bbox 385 2057 495 2089; x_wconf 87' lang='lat' dir='ltr'>mortis</span> <span class='ocrx_word' id='word_1_244' title='bbox 519 2067 590 2091; x_wconf 87' lang='lat' dir='ltr'>rea:</span> 
     </span>
    </p>

    <p class='ocr_par' dir='ltr' id='par_1_27' title="bbox 204 2102 662 2187">
     <span class='ocr_line' id='line_1_62' title="bbox 204 2102 662 2145; baseline 0.011 -11"><span class='ocrx_word' id='word_1_245' title='bbox 204 2102 264 2134; x_wconf 88' lang='lat' dir='ltr'>Cor</span> <span class='ocrx_word' id='word_1_246' title='bbox 286 2104 436 2136; x_wconf 85' lang='lat' dir='ltr'>mundum</span> <span class='ocrx_word' id='word_1_247' title='bbox 462 2108 494 2137; x_wconf 91' lang='lat' dir='ltr'>et</span> <span class='ocrx_word' id='word_1_248' title='bbox 517 2106 662 2145; x_wconf 86' lang='lat' dir='ltr'>spiritum</span> 
     </span>
     <span class='ocr_line' id='line_1_63' title="bbox 249 2152 607 2187; baseline 0.014 -5"><span class='ocrx_word' id='word_1_249' title='bbox 249 2153 369 2183; x_wconf 83' lang='lat' dir='ltr'>rectum</span> <span class='ocrx_word' id='word_1_250' title='bbox 393 2152 426 2184; x_wconf 87' lang='lat' dir='ltr'>in</span> <span class='ocrx_word' id='word_1_251' title='bbox 450 2162 500 2184; x_wconf 90' lang='lat' dir='ltr'>me</span> <span class='ocrx_word' id='word_1_252' title='bbox 526 2162 607 2187; x_wconf 88' lang='lat' dir='ltr'>crea.</span> 
     </span>
    </p>
   </div>
   <div class='ocr_carea' id='block_1_19' title="bbox 147 2212 656 2401">
    <p class='ocr_par' dir='ltr' id='par_1_28' title="bbox 147 2212 656 2401">
     <span class='ocr_line' id='line_1_64' title="bbox 147 2212 536 2260; baseline 0.013 -13"><span class='ocrx_word' id='word_1_253' title='bbox 147 2216 178 2248; x_wconf 75' lang='lat'>2.</span> <span class='ocrx_word' id='word_1_254' title='bbox 206 2212 230 2249; x_wconf 90' lang='grc' dir='ltr'><strong>Ο</strong></span> <span class='ocrx_word' id='word_1_255' title='bbox 256 2220 377 2257; x_wconf 82' lang='lat' dir='ltr'>martyr</span> <span class='ocrx_word' id='word_1_256' title='bbox 402 2220 536 2260; x_wconf 84' lang='lat' dir='ltr'>egregia,</span> 
     </span>
     <span class='ocr_line' id='line_1_65' title="bbox 251 2265 630 2309; baseline 0.013 -14"><span class='ocrx_word' id='word_1_257' title='bbox 251 2272 306 2296; x_wconf 88' lang='lat' dir='ltr'>ora</span> <span class='ocrx_word' id='word_1_258' title='bbox 331 2265 488 2299; x_wconf 86' lang='lat' dir='ltr'>Christum</span> <span class='ocrx_word' id='word_1_259' title='bbox 514 2276 630 2309; x_wconf 88' lang='lat' dir='ltr'>regem,</span> 
     </span>
     <span class='ocr_line' id='line_1_66' title="bbox 202 2311 656 2356; baseline 0.022 -17"><span class='ocrx_word' id='word_1_260' title='bbox 202 2311 292 2349; x_wconf 69' lang='lat' dir='ltr'>Quod</span> <span class='ocrx_word' id='word_1_261' title='bbox 314 2321 366 2345; x_wconf 89' lang='lat' dir='ltr'>me</span> <span class='ocrx_word' id='word_1_262' title='bbox 387 2322 475 2347; x_wconf 88' lang='lat' dir='ltr'>ovem</span> <span class='ocrx_word' id='word_1_263' title='bbox 497 2317 656 2356; x_wconf 84' lang='lat' dir='ltr'>perditam</span> 
     </span>
     <span class='ocr_line' id='line_1_67' title="bbox 250 2363 616 2401; baseline 0.019 -13"><span class='ocrx_word' id='word_1_264' title='bbox 250 2363 389 2398; x_wconf 76' lang='lat' dir='ltr'>reportet</span> <span class='ocrx_word' id='word_1_265' title='bbox 413 2363 453 2393; x_wconf 75' lang='lat' dir='ltr'>ad</span> <span class='ocrx_word' id='word_1_266' title='bbox 479 2372 616 2401; x_wconf 64' lang='lat' dir='ltr'>gregem.</span> 
     </span>
    </p>
   </div>
   <div class='ocr_carea' id='block_1_20' title="bbox 877 1822 1272 1863">
    <p class='ocr_par' dir='ltr' id='par_1_29' title="bbox 877 1822 1272 1863">
     <span class='ocr_line' id='line_1_68' title="bbox 877 1822 1272 1863; baseline 0.008 -8"><span class='ocrx_word' id='word_1_267' title='bbox 877 1822 921 1855; x_wconf 91' lang='lat' dir='ltr'>Ut</span> <span class='ocrx_word' id='word_1_268' title='bbox 946 1824 1013 1863; x_wconf 80' lang='lat' dir='ltr'>ejus</span> <span class='ocrx_word' id='word_1_269' title='bbox 1038 1825 1272 1858; x_wconf 82' lang='lat' dir='ltr'>sanctissimum</span> 
     </span>
    </p>
   </div>
   <div class='ocr_carea' id='block_1_21' title="bbox 879 1879 1366 2010">
    <p class='ocr_par' dir='ltr' id='par_1_30' title="bbox 879 1879 1366 2010">
     <span class='ocr_line' id='line_1_69' title="bbox 923 1879 1366 1918; baseline 0.011 -16"><span class='ocrx_word' id='word_1_270' title='bbox 923 1879 1037 1903; x_wconf 87' lang='lat' dir='ltr'>nomen</span> <span class='ocrx_word' id='word_1_271' title='bbox 1062 1881 1220 1913; x_wconf 86' lang='lat' dir='ltr'>nunquam</span> <span class='ocrx_word' id='word_1_272' title='bbox 1246 1883 1366 1918; x_wconf 80' lang='lat' dir='ltr'>negem,</span> 
     </span>
     <span class='ocr_line' id='line_1_70' title="bbox 879 1917 1294 1960; baseline 0.007 -9"><span class='ocrx_word' id='word_1_273' title='bbox 879 1917 943 1951; x_wconf 84' lang='lat' dir='ltr'>Sed</span> <span class='ocrx_word' id='word_1_274' title='bbox 967 1927 1093 1960; x_wconf 86' lang='lat' dir='ltr'>semper</span> <span class='ocrx_word' id='word_1_275' title='bbox 1119 1922 1294 1954; x_wconf 84' lang='lat' dir='ltr'>custodiam</span> 
     </span>
     <span class='ocr_line' id='line_1_71' title="bbox 924 1969 1277 2010; baseline 0.014 -12"><span class='ocrx_word' id='word_1_276' title='bbox 924 1975 1048 1999; x_wconf 86' lang='lat' dir='ltr'>sacram</span> <span class='ocrx_word' id='word_1_277' title='bbox 1073 1969 1140 2008; x_wconf 85' lang='lat' dir='ltr'>ejus</span> <span class='ocrx_word' id='word_1_278' title='bbox 1164 1969 1277 2010; x_wconf 84' lang='lat' dir='ltr'>legem.</span> 
     </span>
    </p>
   </div>
   <div class='ocr_carea' id='block_1_22' title="bbox 845 2029 1229 2076">
    <p class='ocr_par' dir='ltr' id='par_1_31' title="bbox 845 2029 1229 2076">
     <span class='ocr_line' id='line_1_72' title="bbox 845 2029 1229 2076; baseline 0.013 -12"><span class='ocrx_word' id='word_1_279' title='bbox 845 2057 851 2063; x_wconf 95' lang='lat'>.</span> <span class='ocrx_word' id='word_1_280' title='bbox 878 2029 984 2073; x_wconf 84' lang='lat' dir='ltr'>Regni</span> <span class='ocrx_word' id='word_1_281' title='bbox 1006 2033 1229 2076; x_wconf 83' lang='lat' dir='ltr'>Cappadociae</span> 
     </span>
    </p>
   </div>
   <div class='ocr_carea' id='block_1_23' title="bbox 879 2081 1274 2407">
    <p class='ocr_par' dir='ltr' id='par_1_32' title="bbox 879 2081 1274 2407">
     <span class='ocr_line' id='line_1_73' title="bbox 924 2081 1248 2123; baseline 0.015 -11"><span class='ocrx_word' id='word_1_282' title='bbox 924 2081 1041 2122; x_wconf 83' lang='lat' dir='ltr'>impius</span> <span class='ocrx_word' id='word_1_283' title='bbox 1065 2083 1248 2123; x_wconf 83' lang='lat' dir='ltr'>praefectus</span> 
     </span>
     <span class='ocr_line' id='line_1_74' title="bbox 879 2128 1274 2173; baseline 0.015 -14"><span class='ocrx_word' id='word_1_284' title='bbox 879 2128 927 2160; x_wconf 86' lang='lat' dir='ltr'>Te</span> <span class='ocrx_word' id='word_1_285' title='bbox 949 2129 984 2161; x_wconf 83' lang='lat' dir='ltr'>in</span> <span class='ocrx_word' id='word_1_286' title='bbox 1008 2139 1158 2170; x_wconf 84' lang='lat' dir='ltr'>sponsam</span> <span class='ocrx_word' id='word_1_287' title='bbox 1181 2133 1274 2173; x_wconf 85' lang='lat' dir='ltr'>petiit</span> 
     </span>
     <span class='ocr_line' id='line_1_75' title="bbox 926 2178 1195 2221; baseline 0.019 -12"><span class='ocrx_word' id='word_1_288' title='bbox 926 2178 1033 2217; x_wconf 89' lang='lat' dir='ltr'>specie</span> <span class='ocrx_word' id='word_1_289' title='bbox 1056 2179 1195 2221; x_wconf 76' lang='lat' dir='ltr'>illectus,</span> 
     </span>
     <span class='ocr_line' id='line_1_76' title="bbox 880 2223 1210 2263; baseline 0.015 -7"><span class='ocrx_word' id='word_1_290' title='bbox 880 2223 944 2257; x_wconf 85' lang='lat' dir='ltr'>Sed</span> <span class='ocrx_word' id='word_1_291' title='bbox 970 2225 1083 2259; x_wconf 82' lang='lat' dir='ltr'>effectu</span> <span class='ocrx_word' id='word_1_292' title='bbox 1108 2229 1210 2263; x_wconf 86' lang='lat' dir='ltr'>caruit</span> 
     </span>
     <span class='ocr_line' id='line_1_77' title="bbox 926 2274 1201 2318; baseline 0.025 -14"><span class='ocrx_word' id='word_1_293' title='bbox 926 2274 1027 2314; x_wconf 90' lang='lat' dir='ltr'>ipsius</span> <span class='ocrx_word' id='word_1_294' title='bbox 1051 2274 1201 2318; x_wconf 85' lang='lat' dir='ltr'>affectus;</span> 
     </span>
     <span class='ocr_line' id='line_1_78' title="bbox 881 2320 1232 2367; baseline 0.017 -14"><span class='ocrx_word' id='word_1_295' title='bbox 881 2320 946 2354; x_wconf 82' lang='lat' dir='ltr'>Per</span> <span class='ocrx_word' id='word_1_296' title='bbox 970 2324 1012 2363; x_wconf 79' lang='lat' dir='ltr'>te,</span> <span class='ocrx_word' id='word_1_297' title='bbox 1037 2323 1232 2367; x_wconf 87' lang='lat' dir='ltr'>beatissima,</span> 
     </span>
     <span class='ocr_line' id='line_1_79' title="bbox 925 2369 1253 2407; baseline 0.018 -6"><span class='ocrx_word' id='word_1_298' title='bbox 925 2369 986 2401; x_wconf 81' lang='lat' dir='ltr'>sim</span> <span class='ocrx_word' id='word_1_299' title='bbox 1010 2370 1080 2403; x_wconf 84' lang='lat' dir='ltr'>Deo</span> <span class='ocrx_word' id='word_1_300' title='bbox 1106 2372 1253 2407; x_wconf 76' lang='lat' dir='ltr'>dilectus.</span> 
     </span>
    </p>
   </div>
  </div>
 </body>
</html>
