1653 2668
150 184 203 217 31.
227 182 308 223 Heu,
336 191 392 215 cur
414 183 513 214 miser
537 181 665 221 glorior,

766 99 836 117 CUU
889 101 933 106 *—

828 181 883 213 35.
910 178 1046 211 Exsulat
1067 179 1133 217 jam
1162 179 1278 210 caritas

148 479 202 510 82.

145 772 199 805 33.

147 1066 201 1098 34.

229 230 310 262 Vivo
332 239 426 274 nunc,
453 237 523 261 cras
544 229 663 260 morior

275 278 395 310 Cuncta
418 276 604 316 relicturus3

228 325 316 359 Nihil
339 326 391 358 hic
413 324 579 366 melodiae,

230 372 320 415 Nam,
347 373 400 413 qui
420 381 476 405 rex
502 375 549 403 est
573 371 676 413 hodie,

276 420 352 453 Cras
378 424 426 453 θεῖ
446 420 627 452 moriturus.

230 477 311 509 Vere
337 477 383 509 nil
407 477 459 509 1110
482 476 605 519 stabile,

227 524 326 558 Immo
351 526 451 556 totum
475 524 580 566 labile,

274 572 389 604 Totum
413 571 589 614 fugitivum,

229 618 347 652 Cuncta
371 622 444 651 sunt
467 619 604 661 horaria,

225 666 296 699 Non
321 668 457 699 aeternis
481 667 581 706 paria,

273 714 361 746 Nihil
387 717 435 746 est
458 723 648 747 mansurum.

226 771 291 804 Iste
317 779 400 803 nunc
424 774 472 803 est
496 770 649 814 dominus,

226 818 278 851 Illi
302 818 503 851 nihilominus

272 866 334 899 Vix
359 869 407 897 est
430 875 509 898 unus
534 874 688 907 nummus,

226 913 289 946 Sed
315 922 384 945 cum
407 917 478 946 rota
501 913 650 954 volvitur,

224 961 316 994 Prior
340 963 440 993 status
464 961 598 993 solvitur

270 1008 314 1039 Et
337 1007 373 1040 fit
395 1008 475 1040 imus
500 1017 650 1042 summus,

226 1064 328 1104 Igitur
353 1073 421 1096 cum
447 1065 551 1097 omnia

226 1111 402 1144 Transeant
423 1115 459 1144 ut
482 1113 612 1152 somnia,

274 1159 359 1198 Quae
383 1162 458 1191 sunt
479 1160 513 1191 in
538 1160 598 1192 hoc
622 1160 750 1201 mundo,

224 1206 282 1247 Qui
306 1207 385 1239 haec
409 1209 513 1239 mente
537 1207 669 1246 respicit

225 1254 271 1287 Et
293 1255 443 1287 mundum
467 1264 530 1287 non
557 1255 693 1295 despicit

270 1300 336 1334 Par
361 1304 408 1333 θεῖ
431 1301 612 1335 furibundo.

909 225 979 258 Nec
1004 225 1206 258 familiaritas

955 273 1067 307 Parvis
1092 276 1140 306 est
1164 274 1205 306 ad
1230 283 1379 315 magnos;

908 321 1019 362 Magni
1042 330 1160 361 parvos
1187 323 1339 364 cruciant,

911 369 956 402 Ut
981 378 1034 402 eos
1061 369 1239 410 deglutiant

960 417 1049 449 Sicut
1073 417 1142 458 lupi
1166 426 1274 458 agnos

827 475 882 508 36.
909 475 980 507 Jam
1006 474 1059 507 vix
1084 474 1142 506 ulli
1166 475 1286 507 homini

904 523 994 556 Inest
1016 522 1112 554 timor
1136 522 1276 565 Domini,

957 570 1063 603 Pudet
1087 570 1151 602 dici
1175 573 1341 612 sanctum

909 618 1023 650 Omnes
1048 622 1122 650 sunt
1145 618 1366 661 nummicolae,

907 666 1005 699 Pauci
1027 669 1101 697 sunt
1125 665 1269 699 deicolae

953 713 1025 745 Nisi
1049 722 1127 745 voce
1151 716 1284 747 tantum.

907 770 1000 803 Fidei
1026 770 1193 803 sinceritas

905 817 951 851 Et
974 817 1144 851 verborum
1169 819 1289 851 veritas

952 866 1111 898 Mundum
1133 866 1343 910 reliquerunt,

905 912 1061 946 Simulata
1085 914 1190 955 gratia

907 960 1023 993 Fallax
1048 964 1079 993 et
1103 960 1234 994 fallacia

825 771 881 805 37.

953 1008 1074 1041 Locum
1098 1010 1310 1043 intraverunt.

907 1065 997 1098 Haec
1020 1067 1149 1099 revolve
1170 1067 1279 1109 tacita,

907 1113 1004 1154 Virgo
1025 1113 1094 1146 Deo
1117 1114 1247 1155 placita,

952 1161 997 1193 Et
1020 1162 1180 1194 mandatis
1204 1162 1266 1194 Dei

904 1208 1018 1241 Totam
1042 1211 1074 1240 tc
1099 1209 1261 1251 subjicias,

907 1255 1075 1289 Saeculum
1101 1258 1269 1298 despicias,

952 1304 1032 1337 Esto
1056 1313 1177 1337 memor
1200 1306 1272 1340 mei.

826 1066 881 1100 38.

222 1366 290 1395 Coc.
308 1366 405 1395 Palat.
425 1367 629 1396 vindobonen.
649 1367 698 1404 [ol.
720 1367 869 1405 Campen.)
887 1366 944 1397 883
964 1378 1040 1398 saec.
1061 1368 1140 1400 ²4115.

495 1468 561 1500 232.
599 1469 644 1500 De
663 1470 730 1501 octo
751 1469 979 1511 principalibus
998 1471 1099 1504 vitiis.

170 1564 176 1571 .
202 1537 428 1579 Gastrimargia
452 1541 500 1573 est
522 1540 659 1580 primum

247 1586 425 1626 principale
448 1587 569 1632 vitium,

204 1633 353 1674 Quodque
378 1635 504 1675 corpori
528 1636 556 1667 si
579 1639 681 1668 satum

246 1680 384 1714 haeserit
406 1682 608 1724 intrinsecus,

201 1728 299 1760 Plura
321 1729 479 1769 prodeunt
502 1730 641 1764 nefanda

247 1775 286 1807 dc
310 1786 467 1809 ramorum
490 1776 657 1813 fructibuS.

170 1854 177 1862 .
203 1832 327 1865 Nostris
351 1834 472 1874 placuit
496 1844 610 1868 vocare

248 1880 330 1912 hanc
354 1883 472 1914 ventris
497 1883 668 1924 ingluviem

205 1927 483 1962 Commessationes
507 1929 608 1964 fluxas

249 1978 342 2016 atque
368 1976 581 2023 detestabiles,

203 2023 286 2063 Quae
310 2033 380 2056 cum
403 2024 523 2058 fuerint
544 2027 580 2059 in
602 2027 695 2060 uobis

252 2072 389 2104 excitant
413 2073 574 2110 libidines.

170 2152 176 2158 .
201 2126 381 2160 Fornicatio
408 2130 448 2161 de
464 2131 537 2172 gula

250 2176 281 2205 θῖ
306 2176 345 2207 de
367 2178 486 2210 ventris
512 2180 641 2220 crapula

203 2222 380 2263 Propagata
400 2226 493 2264 mala,
519 2226 647 2270 blanda,

248 2270 422 2313 impudens,
448 2274 641 2317 turpissima,

198 2316 342 2351 Membra
353 2322 470 2364 nostra,
485 2331 554 2363 nae,
569 2325 653 2365 quod
668 2326 761 2367 absit,

251 2367 424 2400 meretricis
448 2369 556 2404 faciat.

823 1543 854 1575 4.
878 1542 985 1575 Radix
1010 1544 1148 1576 omnium
1167 1546 1324 1578 malorum

931 1594 1036 1624 exstat
1061 1592 1268 1634 philargyria,

883 1639 984 1670 Amor
1009 1642 1057 1672 est
1081 1642 1299 1682 pecuniarum,

929 1695 1010 1726 quae
1035 1690 1085 1719 est
1108 1689 1255 1732 avaritia,

882 1733 1080 1767 Salvatorem
1104 1737 1177 1776 ipsa
1199 1739 1343 1769 nostrum

928 1783 1078 1816 vendidit
1102 1784 1272 1825 cupiditas.

824 1840 855 1871 5.
879 1840 953 1871 Irae
977 1841 1089 1872 vitium
1114 1841 1301 1883 tollendum,

928 1888 1013 1926 quod
1039 1891 1088 1920 est
1109 1890 1209 1921 menti
1234 1891 1372 1934 noxium,

882 1934 937 1967 Sol
958 1935 1103 1974 justitiae
1125 1945 1185 1978 per
1206 1938 1288 1971 iram

928 1983 1001 2022 quia
1025 1983 1053 2016 si
1077 1985 1243 2026 occiditur,

881 2031 977 2063 Hosti
1000 2034 1110 2065 nostro
1135 2034 1178 2066 ad
1204 2044 1263 2067 nos
1290 2034 1385 2068 datur

931 2076 1035 2112 facilis
1060 2080 1219 2115 introitus.

824 2135 859 2167 6.
885 2135 944 2168 Cui
967 2135 1066 2170 fuerit
1087 2139 1217 2172 innixus

928 2184 1060 2224 spiritus
1086 2187 1246 2229 tristitiae,

881 2230 1054 2266 Obfuscata
1076 2238 1182 2268 mente
1206 2237 1326 2278 passim

929 2289 988 2321 per
1011 2282 1157 2316 incursus
1183 2286 1301 2326 varios,

884 2327 987 2361 Corde
1013 2339 1106 2364 caeco
1132 2333 1179 2364 sic
1205 2334 1359 2366 discurrit

929 2377 1019 2410 velut
1043 2388 1138 2412 sensu
1167 2381 1285 2416 ebrius.
