1653 2668
157 377 234 409 10..

670 127 929 164 —188—

254 233 443 273 Rapuitque,
470 230 553 270 quod
578 226 771 261 Matthaeus.

256 281 300 313 Et
326 281 365 312 de
387 277 538 318 Magdalo
559 276 676 314 Maria,

259 329 321 361 Per
346 325 522 365 exemplum
549 324 632 355 vitae
654 322 717 360 via,

260 375 303 407 Et
327 375 408 406 latro
433 372 574 412 pendens
596 371 630 402 in
656 377 747 401 cruce

256 422 356 454 Diluit
382 428 416 453 se
442 419 566 451 Christo
586 418 675 449 duce.

254 469 386 509 Hocque
409 466 514 499 David
539 464 627 497 fonte
650 465 733 497 lotus

256 514 450 556 SubJugavit‚
478 512 602 545 Christo
623 515 728 552 potus,

257 565 341 602 Quae
374 563 414 595 de
437 561 507 604 ipso
533 560 673 600 scriptus
697 561 771 590 ante

157 612 235 644 11o.
261 611 350 642 Vidit
373 608 487 650 spiritu
514 607 663 647 dictante,

172 1182 201 1211 55!

147 1415 202 1449 10.

145 1890 199 1921 20.

144 2363 197 2397 30.

255 657 403 689 Nostram
427 655 617 695 praedicans
636 653 769 686 salutem

253 705 368 737 Veram
393 702 452 734 Dei
477 711 536 742 per
560 702 719 734 virtutem.

253 752 338 792 Ergo
363 752 446 783 inter
468 750 547 781 coeli
571 750 665 790 cives,

829 274 909 306 115.

828 511 906 544 120.

936 225 1032 256 Anna
1056 222 1145 263 felix,
1171 223 1267 255 Anna
1293 222 1395 262 dives,

935 271 1012 311 Fac,
1037 274 1075 302 ut
1096 271 1195 302 vitam
1216 270 1373 302 castitatis

934 318 1073 352 Teneam
1100 327 1169 350 cum
1195 317 1386 360 candidatis,

934 367 1151 400 Innocentiam
1176 364 1331 407 professis

934 414 979 448 Et
1002 415 1033 446 in
1060 414 1149 454 prelo
1173 413 1285 446 mundi
1309 412 1439 453 pressis.

934 462 999 494 Ora
1022 471 1081 502 pro
1105 471 1157 493 me
1181 465 1213 494 et
1233 470 1293 501 pro
1319 460 1452 502 cunctis,

933 509 1011 542 Tam
1031 510 1111 541 vivis
1130 518 1220 550 quam
1235 511 1266 540 et
1280 508 1451 548 defunctis,

933 556 980 589 Ut
1003 566 1061 589 nos
1085 557 1138 589 lue
1162 559 1365 597 peccatorum

933 604 1071 638 Mundet
1095 608 1205 637 auctor
1230 604 1396 635 beatorum

935 651 1062 692 Dctque
1085 653 1203 692 gaudia
1226 653 1409 683 sanctorum

934 699 971 732 In
997 700 1124 732 saecula
1148 700 1356 732 saeculorum.

224 817 293 844 (³061.
312 817 473 845 Lcndinen.
495 813 544 850 (01.
564 814 758 848 WVintonien.)
776 813 876 841 Vitell.
898 813 924 840 A
945 812 1041 840 XVII.
1062 821 1139 841 saec.
1163 811 1206 840 12.
1228 820 1272 840 ex.

571 916 632 947 158.
673 915 716 946 De
737 915 849 946 sancta
867 915 1020 947 Barbara.

196 1016 203 1022 .
229 991 307 1032 Ave,
333 987 478 1021 Barbara
502 988 678 1027 praeclara,

224 1038 302 1076 Ave,
328 1037 417 1077 virgo
442 1034 510 1066 Deo
538 1043 620 1077 cara,

227 1086 307 1126 Ave,
331 1091 454 1124 gemma
477 1082 629 1124 virtuosa,

227 1133 307 1171 Ave,
333 1133 464 1169 martyr,
490 1137 627 1161 vernans
652 1137 734 1161 rosa.

227 1180 298 1211 Ave
322 1181 367 1220 tu,
394 1185 474 1216 quae
497 1176 612 1216 puerili

227 1226 272 1258 Et
296 1228 401 1257 aetate
422 1224 555 1263 juvenili

227 1274 335 1307 Jesum
362 1271 521 1305 Christum
548 1269 697 1313 dilexisti,

229 1320 286 1353 Cui
312 1321 408 1352 corde
432 1318 616 1353 adhaesisti,

227 1367 318 1399 Licet
341 1366 482 1399 nondum
503 1365 677 1405 baptizata,

228 1415 345 1447 Tamen
372 1413 419 1446 illi
444 1413 575 1444 multum
602 1416 693 1453 grata

228 1463 289 1495 Per
314 1460 445 1494 servitia
469 1460 620 1500 placebas

225 1509 294 1541 Nec
318 1518 379 1541 non
404 1508 540 1539 maxime
564 1508 726 1548 studebas,

226 1558 354 1589 Patrem
377 1560 466 1588 tuum
490 1556 550 1587 hoc
574 1556 709 1597 nescire,

226 1605 284 1644 Qui
309 1602 458 1637 studebat,
481 1603 531 1634 his
555 1603 686 1644 servire,

195 1677 201 1684 .
227 1654 310 1690 Quos
334 1655 370 1683 tu
395 1653 485 1682 caute
508 1651 659 1690 respuisti

227 1699 272 1731 Et.
296 1699 431 1731 viriliter
458 1698 611 1737 dejecisti.

224 1746 361 1786 Propter
386 1754 466 1786 quae
490 1754 523 1777 es
547 1746 716 1778 verberata

229 1793 274 1825 Et
297 1794 336 1826 ab
362 1802 398 1825 eo
423 1793 590 1825 vulnerata

225 1842 275 1873 Ac
298 1842 331 1873 in
358 1841 505 1873 cellulam
531 1841 660 1873 detrusa

225 1888 339 1929 Sicque
361 1888 496 1921 firmiter
519 1889 653 1929 reclusa,

226 1936 272 1968 Te
297 1944 458 1976 quousque
481 1938 699 1975 praesentaret

226 1984 371 2016 Praesidi
397 1986 429 2014 et
452 1984 658 2025 supplicaret,

226 2031 272 2064 Ut
296 2040 441 2063 excessus
468 2032 652 2064 emendares

225 2079 386 2119 Idolisque
410 2079 599 2112 immolares.

193 2150 199 2157 .
227 2125 316 2165 Quod
340 2129 374 2158 tu
399 2134 552 2166 respuens
579 2127 698 2168 dixisti,

224 2173 306 2204 Nam
336 2174 494 2206 diabolum
519 2175 641 2207 vicisti:

227 2220 332 2253 Unum
357 2221 516 2254 Christum
540 2221 605 2254 fide
630 2224 709 2263 eolo,

229 2267 285 2300 Oui
309 2272 341 2300 et
363 2269 483 2302 servire
507 2270 588 2302 volo.

225 2315 321 2355 Quem
337 2318 372 2348 tu
386 2325 515 2357 praeses
527 2327 612 2350 nuuc
621 2319 748 2359 ignoras

224 2364 309 2395 Proh
335 2364 434 2404 dolor,
461 2367 493 2396 et
516 2375 578 2397 non
602 2367 727 2406 adoras,

223 2410 271 2442 Eo
294 2412 377 2451 quod
402 2415 450 2443 est
473 2413 656 2445 induratum

749 2344 757 2363 7

827 1130 883 1161 35.

824 1366 881 1398 40.

824 1604 880 1636 45.

826 1841 880 1875 50.

825 2080 880 2112 55.

822 2319 877 2351 60.

908 986 1010 1018 Tuum
1037 995 1091 1018 cor
1114 988 1209 1026 atque
1234 987 1409 1029 gravatum,

907 1033 1121 1066 Daemonibus
1146 1034 1209 1065 tuis
1235 1033 1346 1065 servis.

906 1081 996 1113 Tunc
1018 1081 1118 1112 iratus
1140 1080 1238 1120 J'ussit
1261 1080 1368 1112 nervis

910 1128 1058 1167 Discerpi
1084 1131 1117 1159 te
1142 1137 1210 1159 eum
1237 1128 1372 1159 taurinis

908 1176 953 1208 Et
976 1175 1110 1214 texturis
1137 1174 1271 1207 cilicinis

907 1223 1029 1262 Impius
1053 1231 1184 1263 praeses
1210 1220 1320 1254 fricari

908 1271 953 1303 Et
975 1272 1050 1310 post
1073 1270 1153 1302 haec
1175 1271 1379 1304 incarcerari.

907 1318 1010 1349 Nocte
1034 1318 1091 1349 illa
1115 1317 1296 1350 confortata

907 1365 952 1397 Es
977 1374 997 1396 a
1022 1364 1148 1397 Christo
1174 1369 1206 1397 et
1230 1367 1355 1399 sauata.

907 1413 1005 1444 Mane
1028 1413 1158 1445 taudem
1183 1413 1400 1453 praesentaris

907 1460 1064 1499 Praesidi‚
1090 1469 1149 1500 per
1174 1468 1266 1500 quem
1291 1460 1439 1500 probaris

907 1507 977 1539 Diis
1002 1510 1036 1539 te
1060 1511 1202 1540 sanatam
1228 1516 1307 1548 esse,

905 1556 1044 1594 Propter
1068 1556 1153 1595 quod
1178 1555 1238 1587 tibi
1262 1563 1392 1588 necesse

907 1602 968 1634 Est
990 1603 1035 1634 eis
1062 1603 1139 1635 dare
1164 1602 1294 1644 gratias,

907 1650 997 1689 Quod
1021 1650 1084 1682 nisi
1109 1651 1172 1682 cito
1197 1649 1307 1689 facias,

906 1698 1035 1737 Magnis
1059 1699 1171 1738 poenis
1198 1706 1230 1729 es
1256 1699 1425 1740 tradenda,

907 1745 1005 1777 Nullo
1029 1746 1124 1778 modo
1150 1746 1347 1779 redimenda.

904 1793 990 1825 Illud
1015 1802 1091 1826 vero
1116 1796 1151 1825 tu
1175 1794 1308 1837 negasti,

907 1840 1016 1873 Jesum
1042 1841 1203 1874 Christum
1225 1842 1393 1883 invocasti,

908 1889 974 1929 Quo
999 1893 1142 1921 sanatam
1167 1893 1200 1921 te
1225 1890 1406 1932 ostendens,

905 1936 992 1968 Deos
1017 1935 1116 1969 falsos
1141 1937 1390 1979 reprehendens,

906 1984 999 2024 Ipsos
1024 1994 1182 2025 nunquam
1207 1988 1240 2017 te
1262 1985 1377 2024 juvare

906 2030 1007 2064 Posse
1030 2041 1133 2073 neque
1157 2036 1190 2065 te
1213 2042 1338 2067 sanare.

906 2080 1041 2112 Praeses
1066 2080 1205 2113 fremens
1229 2080 1292 2112 hoc
1316 2082 1425 2114 audito

905 2127 952 2160 Ut
973 2127 1023 2160 leo
1048 2130 1214 2169 praecepit
1240 2128 1313 2170 cito,

906 2175 1008 2215 Caput
1032 2177 1157 2208 malleis
1183 2176 1282 2209 ferire

904 2223 1086 2264 Lateraque
1110 2226 1247 2265 aperire,

904 2271 1023 2312 Quibus
1048 2272 1152 2312 ignem
1178 2272 1338 2306 adhiberi.

905 2319 1067 2352 Christum
1092 2321 1151 2353 tibi
1173 2321 1320 2353 misereri

902 2368 988 2400 Puro
1014 2368 1112 2400 corde
1137 2369 1338 2409 supplicasti,

899 2415 990 2456 Quod
1014 2419 1080 2448 tam
1108 2417 1169 2449 cito
1195 2417 1388 2457 impetrasti.
