1653 2668
745 153 789 158 -—
840 133 1005 169 244—

220 233 276 267 31.
301 233 338 265 In
362 240 414 265 me
437 234 538 264 autem
566 240 635 264 cum
660 240 806 265 reversus

347 288 432 313 nunc
454 289 523 312 sum
544 280 807 322 mendicissimuS,

304 327 442 369 Cumque
465 330 532 359 tute
556 327 654 359 sciam
678 336 809 368 prorsus

347 375 454 408 multis
477 375 692 415 penetralibus

300 423 514 456 Mercenarios
536 423 570 455 in
596 423 706 456 domus

347 470 510 503 abundare
533 470 686 512 panibus3

220 558 276 590 32.
301 556 528 599 Reminiscens‚
554 557 638 597 quod
663 557 817 598 benignus

348 613 380 637 es
406 606 500 644 atque
523 604 693 646 piissimus,

301 652 425 685 Pietate
447 654 502 684 tua
525 651 613 693 fisus,

346 699 488 740 quamvis
512 699 750 740 indignissimus

300 747 435 780 Nomine
458 747 542 778 servi
566 748 707 780 misellus

344 794 464 834 filiique
487 794 623 836 penitus,

218 881 272 915 33.
297 879 474 912 Advolatus
500 880 599 912 clamo
626 881 687 913 tuis

345 926 466 967 ejulans
490 928 651 968 vestigiis:

297 975 395 1007 Pater
418 974 472 1015 mi,
497 976 629 1015 peccavi
653 977 745 1009 nimis

344 1022 377 1054 in
401 1022 521 1054 coelum
544 1023 679 1055 miseriis

297 1069 403 1109 Atque
426 1078 533 1102 coram
558 1073 591 1102 te
616 1072 736 1112 deliqui

345 1116 494 1157 gravibus
520 1120 553 1149 et
575 1118 689 1151 nimiis.

220 1203 275 1236 34.
301 1202 373 1235 Non
397 1210 465 1233 sum
492 1202 604 1244 dignus
631 1205 693 1236 dici
715 1208 786 1237 tuus

346 1259 456 1282 servus
480 1251 596 1282 nedum
620 1250 714 1293 filius,

300 1297 365 1331 Sed
388 1306 439 1329 me
461 1298 527 1337 J'am
551 1298 697 1339 dignetur
720 1308 809 1332 meus

346 1348 439 1385 pater
468 1345 726 1379 clementissimus

302 1392 455 1425 Tractare
476 1402 533 1425 :ina
556 1393 710 1435 benignus

345 1440 465 1480 pietate
490 1440 590 1476 citius

219 1525 274 1558 35.
299 1524 399 1565 Eripe
426 1525 465 1557 de
488 1527 590 1565 portis
614 1529 725 1561 mortis

345 1582 405 1613 me,
430 1575 522 1613 pater
545 1575 702 1616 amabilis,

297 1621 412 1653 Pereat
435 1629 476 1652 ne
499 1622 545 1653 tui
566 1623 647 1663 J'uris

345 1669 410 1700 suis
434 1669 557 1708 plasma
578 1672 711 1712 meritis,

299 1715 400 1748 Abest
422 1716 525 1757 panis,
551 1718 644 1751 adest
667 1718 771 1760 famiS,

344 1763 443 1804 pestis
467 1765 667 1802 miserabilis,

219 1850 273 1882 36.
300 1848 399 1882 Nemo
424 1859 538 1889 panem
562 1852 660 1885 habet.
684 1854 769 1887 vit-ae

346 1900 475 1937 praeter
499 1901 539 1938 te,
567 1900 729 1945 altissime,

299 1944 394 1983 Quem
419 1955 503 1978 nunc
528 1955 640 1980 cernor
664 1949 794 1991 esurire,

341 1992 490 2033 indignus
512 1996 690 2037 percipere,

298 2038 362 2072 Sed
386 2041 540 2081 gratuitus
564 2044 682 2086 largire

345 2090 380 2120 tu
400 2088 473 2128 pius
498 2089 582 2123 hunc
606 2101 745 2127 munere.

218 2171 272 2204 37.
299 2172 464 2213 saginatus
489 2178 538 2208 est
561 2178 681 2211 occisus

345 2220 438 2253 fratri
460 2232 530 2255 meo
555 2225 682 2270 vitulus,

297 2268 357 2308 Qui
381 2268 442 2301 fuit
464 2273 684 2313 peregrinatus

342 2325 361 2348 a
384 2319 475 2358 patre
501 2319 628 2363 diutius,

302 2362 377 2396 Cum
401 2366 508 2398 multis
532 2368 709 2404 luxuriatus

347 2412 442 2449 miser
462 2417 692 2454 meretricibus,

900 233 954 266 38.

898 558 953 590 39.

896 882 953 915 40.

898 1207 952 1239 41.

896 1533 952 1566 42.

896 1857 951 1890 43.

897 2182 954 2215 44.

980 232 1040 272 Qui
1065 230 1108 264 ad
1132 232 1165 262 te
1188 230 1243 263 ubi
1268 240 1415 264 reversus

1024 279 1088 311 fuit
1109 279 1376 322 mendicissimus,

983 327 1186 367 Consumptis
1211 328 1355 367 paternis
1380 326 1476 359 rebus

1025 378 1121 416 atque
1141 374 1232 407 bonis
1258 375 1414 418 omnibus,

981 423 1134 464 Indigens
1159 423 1253 455 suillo
1278 423 1366 455 victu

1029 470 1086 504 sed
1112 479 1224 502 carens
1248 470 1310 503 hoc
1334 470 1490 511 funditus,

979 557 1076 597 Inops
1099 556 1203 597 paniS,
1229 557 1318 589 dives
1344 556 1449 597 famis,

1027 608 1064 636 ut
1088 606 1137 636 est
1159 604 1222 644 piis
1251 605 1350 636 oculis

981 654 1011 685 A
1036 653 1130 692 longe
1153 654 1318 691 respectus
1342 651 1456 693 patris,

1028 703 1077 732 est
1101 699 1235 731 donatus
1261 700 1388 743 osculis,

980 749 1190 789 Amplexatus
1216 750 1247 779 et
1271 748 1416 789 benignis

1027 796 1232 829 vehementer
1256 796 1406 829 brachiis.

980 882 1079 917 Aliud
1103 881 1151 913 nil
1175 880 1238 913 fuit
1262 880 1377 922 fassus,

1027 930 1060 961 ni
1086 929 1170 969 quod
1196 932 1280 961 esset
1303 928 1388 961 filius

980 978 1060 1018 Ejus
1086 978 1172 1009 ultra
1193 977 1260 1017 giam
1283 977 1443 1018 indignus,

1014 1024 1115 1058 servis
1140 1034 1160 1056 a
1183 1023 1332 1057 fidelibus

983 1073 1090 1105 Prima
1115 1072 1198 1104 stola
1223 1075 1273 1105 est
1295 1072 1437 1113 indutus,

1026 1121 1123 1162 inque
1147 1129 1241 1152 manu
1268 1121 1402 1153 annulus

978 1207 1040 1239 Est,
1065 1204 1231 1238 confestim
1255 1207 1317 1240 sibi
1345 1207 1448 1249 datus,

1026 1256 1208 1295 tegumenta
1231 1254 1369 1294 pedibus

981 1302 1168 1341 Pariterque
1192 1303 1355 1343 saginatus

1027 1353 1076 1381 est
1100 1349 1221 1381 occisus
1246 1350 1374 1391 vitulus,

980 1397 1096 1438 Sicque
1121 1395 1182 1429 fuit
1207 1398 1354 1438 epulatus

1027 1448 1143 1485 tecum,
1169 1448 1270 1485 pater,
1297 1445 1392 1479 filius.

978 1532 1064 1573 Ergo
1090 1531 1164 1571 quia
1189 1534 1237 1564 est
1260 1532 1418 1575 inventus,

1026 1578 1132 1612 fuerat
1157 1580 1211 1620 qui
1232 1580 1390 1623 perditus,

977 1623 1181 1672 Rediit[que]
1206 1628 1378 1660 suscitatus

1027 1678 1060 1707 et
1083 1675 1200 1707 revixit.
1223 1678 1376 1718 mortuus,

980 1722 1104 1756 Gaudio
1128 1731 1243 1763 magno
1266 1724 1393 1764 gavisus

1026 1774 1074 1803 est,
1098 1779 1168 1802 cum
1193 1771 1293 1803 servis
1320 1771 1475 1805 dominus.

977 1857 1079 1897 Igitur
1105 1863 1161 1897 ego
1186 1856 1287 1897 ipsius

1025 1912 1109 1936 nunc
1132 1904 1175 1937 ad
1200 1907 1233 1936 te
1256 1904 1449 1939 fraterculus

980 1952 1089 1985 Clamo
1115 1952 1177 1983 tuis
1202 1953 1382 1995 advolutus,

1023 2000 1078 2040 pie
1099 2003 1208 2041 pater,
1233 2001 1380 2045 pedibus,

978 2047 1076 2089 Tuus,
1102 2046 1216 2088 fateor,
1240 2049 1391 2090 indiguus

1025 2095 1107 2128 nihil
1130 2096 1234 2129 minus
1258 2096 1354 2131 filius.

979 2182 1076 2226 Ecce,
1098 2182 1166 2223 jam
1190 2184 1274 2224 petit
1297 2185 1439 2221 misellus

1026 2231 1152 2264 veniam
1177 2233 1363 2276 sceleribus,

979 2278 1042 2312 Pro
1067 2279 1133 2312 suis
1159 2280 1296 2323 offensis,
1323 2283 1437 2323 quibus

1025 2330 1059 2359 te
1082 2328 1225 2362 tristavit
1248 2330 1406 2373 pluribus,

980 2376 1079 2416 Quam
1103 2377 1196 2416 polus
1221 2378 1292 2419 ipse
1318 2379 1463 2420 depictus

1028 2424 1199 2469 splendeat
1222 2427 1393 2462 sideribus..
