1653 2668
731 142 990 178 —214—

237 242 268 273 9.
295 240 416 282 Gaude,
444 241 544 274 Deum
562 240 646 280 quod
662 240 829 272 laudantes
889 239 945 272 11.
974 238 1097 277 Gaude,
1127 238 1210 277 quod
1235 240 1269 269 tu
1288 240 1381 290 pat-er
1398 236 1518 269 Christi

293 287 403 320 Gloria
426 288 517 321 audis
541 290 703 320 cantantes
968 286 1091 327 Dignus
1118 285 1181 317 diei
1206 286 1360 325 meruisti,

290 335 484 375 Angelorum
509 335 674 375 exercitus,
968 333 1017 366 Εο
1043 333 1127 373 quod
1153 342 1223 365 eras
1247 333 1386 365 nutritor

289 382 377 422 Quod
393 383 483 416 nobis
499 385 591 415 natus
608 385 656 414 est
673 382 826 415 Christus,
968 380 1085 413 Matris
1111 382 1177 421 eJus
1203 384 1298 421 atque
1322 383 1419 414 tutor.

209 450 263 482 10.
291 448 410 493 Gaude,
437 450 511 481 totis
536 449 620 489 quod
644 449 791 481 medullis
886 448 941 481 12.
969 447 1091 488 Gaude,
1116 448 1206 480 annis
1232 448 1317 488 quod
1341 450 1391 479 ter
1418 446 1507 479 denis

285 497 383 528 Amas
404 496 556 538 Jesulum‚
582 505 675 536 quem
697 496 780 527 ulnis
966 495 1146 527 Virtutibus
1172 504 1242 527 cum
1266 495 1316 527 his
1340 495 1445 535 plenis

288 543 364 575 Tuis
388 552 480 584 quam
505 544 631 584 saepius
656 544 785 584 stringis
969 543 1102 575 Vixeras
1127 544 1190 585 hic,
1218 552 1286 574 cum
1313 543 1459 583 patribus

287 590 374 622 Dans
399 592 507 623 oscula
531 595 563 623 et
585 591 734 623 maxillis.
968 590 1097 622 Dormis
1121 591 1186 622 illis
1211 590 1445 630 praesentibus.

510 658 565 691 13.
597 657 647 690 De
669 658 730 689 hae
754 658 820 689 vita
845 656 981 688 feliciter

593 705 799 738 Coronandus
824 704 1003 736 sublimiter

590 753 712 793 Pergis,
738 752 870 792 Joseph,
896 752 965 784 Deo
991 760 1074 791 care,

589 800 639 832 Sis
666 800 730 832 dux
755 809 842 832 meus
868 800 929 832 hoe
952 809 1010 840 per
1035 808 1133 832 mare.

281 862 359 890 Orat.
379 872 433 892 ms.
453 866 649 901 Ambergense
669 867 739 893 anni
761 864 843 894 1476.
865 865 936 893 Clm.
956 866 1109 894 Monacen.
1130 864 1213 895 2990.

648 1007 703 1039 191.
742 1008 784 1039 De
804 1008 911 1040 sancto
933 1008 1055 1050 Joseph.

206 1103 235 1136 1.
263 1102 383 1142 Gaude,
409 1104 541 1145 Joseph,
565 1104 613 1138 fili
635 1106 752 1150 David,
882 1109 914 1140 2.
941 1107 1014 1140 Non
1038 1109 1220 1149 relinquens
1247 1110 1480 1150 desponsatam,

261 1150 355 1188 Quem
382 1159 452 1183 cum
472 1162 586 1192 magno
611 1153 771 1186 decoravit
941 1155 1005 1188 Sed
1029 1156 1063 1187 in
1087 1155 1151 1188 fine
1176 1158 1430 1190 commendatam

305 1197 391 1229 Deus
414 1200 590 1240 privilegio,
989 1203 1169 1236 Observans
1193 1214 1395 1249 puerperam,

259 1244 305 1277 Ut
328 1245 371 1276 sis
396 1255 471 1279 suae
493 1248 603 1279 matris
629 1251 744 1291 custos,
942 1251 1008 1283 Ora
1029 1254 1064 1282 tu
1085 1252 1212 1284 Mariae
1232 1255 1352 1295 natum,

263 1290 468 1332 Computatus
493 1295 577 1327 inter
598 1296 712 1338 justos,
942 1298 988 1331 Ut
1012 1307 1047 1330 se
1069 1299 1161 1331 nobis
1189 1301 1244 1332 det
1266 1301 1428 1340 placatum

307 1339 444 1373 Credens
469 1342 530 1374 Dei
553 1343 673 1377 nuntio.
990 1346 1156 1379 collocans
1180 1348 1214 1379 in
1241 1348 1416 1384 dexteram.

277 1404 357 1431 orat.
377 1414 429 1434 msv
450 1415 524 1435 saec.
548 1406 591 1435 15.
614 1408 683 1436 Cotl.
703 1410 837 1437 Vatican.
859 1408 943 1438 3768.

609 1557 670 1589 192.
709 1559 753 1590 De
772 1561 882 1591 sancta
901 1561 1092 1593 Katharina.

202 1652 231 1683 1,
257 1653 337 1694 Ave,
364 1661 381 1684 o
407 1654 521 1687 eximia
877 1661 908 1692 5.
934 1661 1014 1701 Ave,
1041 1670 1122 1702 quae
1145 1663 1177 1694 in
1202 1664 1305 1704 gloria

304 1699 399 1740 Virgo
424 1701 613 1744 Katharina,
979 1708 1100 1741 Locum
1124 1713 1213 1743 tenes
1239 1715 1374 1754 gratum,

256 1746 377 1779 Exorta
403 1749 442 1781 de
466 1749 610 1791 Graecia,
934 1756 1018 1788 Vide
1041 1766 1093 1789 me
1116 1759 1151 1790 in
1175 1760 1266 1791 varia

300 1795 426 1835 Martyr
451 1800 482 1829 et
505 1799 623 1842 regina,
983 1804 1093 1846 Culpa,
1120 1815 1247 1848 quaeso,
1275 1811 1394 1850 natum,

198 1861 230 1893 2.
256 1859 306 1892 De
329 1863 384 1893 tua
406 1866 587 1904 praesentia
876 1871 906 1902 6.
935 1869 1120 1904 Currentem
1145 1883 1205 1913 per
1231 1875 1323 1908 <levia

300 1908 393 1941 Mons
419 1913 555 1944 exsultet
579 1913 653 1946 Sina
981 1919 1099 1951 Adhuc
1120 1930 1179 1961 per
1204 1928 1383 1966 peccatum,

254 1956 292 1988 ln
316 1957 399 1989 omni
423 1961 567 2000 augustia
933 1965 1142 2006 Spernentem
1166 1968 1285 2015 felicia,

303 2003 386 2036 Mihi
409 2007 452 2039 sis
477 2008 589 2042 vicina.
980 2015 1049 2047 Fac
1069 2015 1134 2049 fine
1157 2017 1296 2053 beatum.

198 2069 230 2102 3.
253 2068 331 2113 Ave,
358 2080 438 2110 quae
461 2074 659 2108 Maxentium
877 2081 906 2113 7.
933 2082 1012 2125 Ave,
1040 2083 1139 2125 virgo,
1165 2095 1307 2127 propera

301 2118 464 2152 Gaesarem
487 2124 636 2162 sprevisti
980 2130 1063 2162 Mihi
1084 2132 1117 2164 in
1142 2134 1295 2177 solamen,

252 2163 296 2195 Et
320 2165 361 2197 ad
387 2167 545 2201 Christum
572 2173 710 2211 gentium
933 2176 1100 2219 Exurgens
1124 2181 1168 2213 ad
1191 2192 1350 2224 prospera

299 2212 453 2248 Rhetores
479 2217 607 2258 duxisti,
980 2226 1082 2259 Tuum
1106 2238 1165 2268 per
1189 2231 1344 2274 levamen,

195 2278 227 2308 4.
252 2276 403 2312 Rotarum
426 2284 616 2323 supplicium
876 2291 907 2324 8.
932 2290 992 2333 Da,
1017 2296 1054 2325 ut
1076 2304 1226 2335 spernam
1250 2300 1384 2342 scelera,

299 2326 398 2358 Preee
423 2330 615 2373 confregisti,
980 2342 1064 2374 Mihi
1085 2345 1294 2389 respiramen,

254 2372 398 2406 Jucunda
420 2381 494 2417 post
517 2380 657 2420 gladium
934 2386 1092 2422 Scandam
1115 2401 1213 2434 super
1236 2396 1345 2429 sidera

302 2419 411 2454 melos
434 2425 587 2460 introisti,
980 2437 1083 2470 Tuum
1107 2449 1166 2479 per
1192 2442 1356 2477 ducamen.
