1653 2668
175 240 205 273 2.
232 237 321 278 ortu,
348 235 423 278 fide,
451 238 634 280 sanctitate,

233 284 344 325 Sensu,
370 288 454 328 actu,
483 285 640 326 dignitate

281 334 393 367 Clarus
421 336 453 365 et
477 334 603 377 militia,

232 382 298 422 Spe
322 382 482 414 mercedis
508 385 541 414 et
567 392 702 416 coronae

232 429 372 470 Pugnas‚
396 433 533 471 martyr,
558 431 591 463 in
618 440 720 471 agone

278 477 428 511 Tendens
453 477 496 511 ad
523 480 683 512 coelestia.

175 556 206 589 3.
234 554 351 587 Caesar
375 553 459 587 furit
486 563 557 587 curn
582 555 738 596 profanis,

230 602 276 636 Et
299 606 345 644 tu,
370 607 506 646 martyr,
533 604 652 643 spretis
677 605 767 637 vanis

277 651 456 683 immolaris
481 651 607 693 hostia;

230 698 313 732 Dum
340 699 460 732 occidit
483 701 516 730 te
540 700 688 740 scienter,

228 747 412 780 Introducit
436 747 617 781 nescienter

276 795 331 828 Ad
356 804 498 835 superna
522 795 649 836 gaudia.

170 875 202 907 4.
230 873 354 913 Corpus
379 875 468 905 tuum
494 873 712 905 venerandum

227 921 302 955 Huc
324 921 519 954 translatum
543 922 586 954 ad
603 921 804 962 pausandum

275 969 337 1001 Dei
362 970 569 1010 providentia

929 240 1031 274 Nobis
1057 243 1162 273 exstat
1185 241 1405 274 honorandum

925 290 1034 329 Atque
1058 299 1118 330 per
1140 292 1173 322 te
1197 290 1435 330 impetrandum

973 337 1065 370 Bona
1086 338 1317 379 permanentia.

868 415 899 446 5.
926 414 1134 447 Intendentes
1161 418 1235 447 tuae
1259 414 1348 447 laudi

927 462 995 495 Nos
1020 462 1160 506 attende,
1188 472 1245 496 nos
1271 463 1397 505 exaudi,

973 510 1041 543 Nos
1066 521 1085 543 a
1109 511 1193 543 malo
1219 510 1333 553 libera,

926 558 1053 592 Christo
1079 560 1097 593 J
1102 567 1157 590 esu
1180 568 1239 591 nos
1267 560 1462 602 commenda,

923 606 970 639 Ut
995 609 1105 639 exutos
1131 608 1216 639 omni
1242 607 1359 639 menda

973 653 1116 686 Collocet
1138 655 1172 686 in
1196 655 1314 696 patria.

865 731 894 763 6.
923 729 1048 770 Tuique
1073 731 1303 764 commilitones

920 778 1054 811 Nostras
1083 780 1160 811 dent
1185 779 1345 812 orationes

972 825 1086 859 Coram
1110 826 1180 859 Deo
1205 826 1352 868 placitas,

922 875 953 906 A
980 875 1100 907 cunctis
1125 876 1244 908 nostris
1271 874 1417 907 domibus

921 922 1096 962 Repellant
1118 926 1151 954 et
1171 933 1191 955 a
1212 923 1373 955 mentibus

969 969 1143 1003 Daemonis
1169 969 1325 1005 fallacias,

577 1047 608 1079 7.
635 1045 784 1085 Ipsorum
808 1046 988 1086 patrocinio

631 1093 854 1126 Gubernemur
879 1103 898 1125 a
923 1094 1060 1126 Domino

680 1141 775 1174 Nunc
801 1145 832 1173 et
856 1151 890 1174 m
915 1147 1116 1182 perpetuum.

246 1217 327 1245 Orat.
353 1226 406 1246 ms.
429 1216 592 1253 Campense
620 1219 692 1245 anni
715 1215 797 1245 1462.
820 1217 889 1246 Cod.
913 1218 1131 1247 Darmstadien.
1153 1216 1218 1245 531.
1259 1219 1318 1246 Mit
1336 1218 1401 1246 dem
1422 1220 1494 1247 Ver-

167 1256 265 1285 merk:
293 1256 384 1290 „Item
412 1258 506 1284 oratio
535 1256 573 1283 ad
599 1259 758 1292 martyrem
788 1257 853 1284 sine
880 1258 1000 1284 nomine
1020 1256 1054 1283 do
1076 1257 1217 1285 societate
1237 1258 1333 1284 sancti
1354 1258 1494 1291 Victoris,

169 1304 254 1331 quem
272 1295 454 1323 venerabilis
475 1294 724 1331 Archiepiscnpus
746 1294 934 1323 Coloniensis
953 1293 1106 1332 Philippus
1135 1295 1292 1323 transtulit
1311 1296 1346 1324 de
1366 1296 1494 1324 Xanctis

168 1334 206 1361 ad
235 1334 449 1362 monasterium
480 1333 646 1369 campense
680 1335 760 1362 circa
789 1341 899 1361 annum
927 1334 1049 1362 Domini
1080 1333 1271 1362 millesimum
1301 1336 1493 1363 centesimum

169 1373 389 1409 octogesimum.
394 1370 408 1384 “

312 1524 381 1556 209.
422 1524 502 1556 Item
522 1523 590 1555 alia
611 1522 713 1555 oratio
730 1523 771 1555 ad
792 1522 921 1555 eundem
940 1523 1118 1562 martyrem
1138 1522 1207 1554 sine
1227 1522 1351 1554 nomine

656 1581 711 1613 vel
732 1580 773 1613 ad
794 1589 818 1612 s.
840 1581 1008 1613 Victorem.

170 1715 201 1747 1.
230 1714 337 1756 Salve,
363 1712 457 1745 miles
482 1711 698 1754 triumphalis,

230 1761 349 1795 Christi
374 1764 501 1802 martyr
525 1760 687 1801 specialis,

227 1809 296 1843 Nos
321 1820 341 1842 a
364 1810 476 1842 mundi
503 1817 597 1841 serva
622 1809 724 1852 malis,

226 1858 276 1891 Ne
301 1868 360 1891 nos
385 1867 476 1890 amor
501 1857 675 1890 mundialis

272 1907 405 1948 Mergat
425 1906 460 1938 in
484 1904 618 1946 flagitia.

167 1987 199 2019 2.
227 1985 340 2018 Palma
365 1983 475 2016 fruens
501 1982 699 2027 triumphali,

225 2035 334 2067 Poena
356 2032 471 2074 plexus
498 2030 640 2072 capitali,

224 2082 334 2116 Vitam
362 2080 486 2113 claudis
511 2082 618 2112 morte
643 2080 712 2121 tali,

226 2131 271 2165 Ut
299 2133 375 2171 post
398 2131 536 2161 mortem
560 2128 735 2160 immortali

276 2177 449 2211 Fruereris
474 2176 599 2211 trabea.

166 2260 198 2292 3.
225 2258 300 2291 Una
324 2263 413 2297 voce,
440 2256 548 2287 mente
572 2254 646 2294 pari

231 2304 300 2339 Nos
326 2305 448 2337 honore
476 2302 634 2342 singulari

227 2355 275 2387 Te
299 2353 465 2385 studemus
490 2350 651 2391 venerari,

227 2403 314 2436 Dum
341 2409 508 2435 versamur
532 2399 567 2431 in
590 2400 654 2432 hoc
677 2399 769 2439 mari,

278 2450 408 2484 Exhibe
432 2447 594 2489 suffragia.

224 2513 244 2536 D
253 2519 265 2536 r
270 2518 283 2534 e
288 2518 304 2535 v
310 2518 322 2534 e
327 2517 338 2533 s
346 2528 354 2539 ,
368 2509 413 2534 Pia
426 2507 572 2533 Dictamina.

863 1713 894 1745 4.
922 1713 970 1746 Ut
993 1713 1049 1743 tua.
1073 1720 1133 1751 per
1156 1710 1315 1751 magnalia

923 1761 1078 1794 Crescant
1101 1758 1292 1799 spiritualia,

922 1808 993 1840 Nec
1019 1807 1125 1839 desint
1148 1807 1348 1850 temporalia,

923 1857 1002 1889 Post
1026 1856 1107 1888 haec
1132 1860 1164 1888 et
1188 1856 1365 1888 aeternalia

971 1906 1097 1939 Dentur
1121 1902 1243 1937 Christi
1266 1912 1410 1936 munera.

890 2007 896 2013 .
925 1983 950 2015 O
976 1980 1078 2020 miles,
1105 1982 1229 2020 martyr
1254 1980 1393 2021 Domini,

920 2030 990 2062 Tuo
1014 2029 1109 2061 beato
1133 2028 1255 2060 nomini

925 2078 1046 2111 Nostra
1071 2075 1237 2109 subscribe
1262 2077 1391 2109 nomina

924 2127 962 2159 In
987 2125 1061 2158 libri
1087 2125 1174 2158 vitae
1197 2125 1316 2165 pagina

975 2174 1095 2208 Christi
1121 2173 1218 2205 dante
1241 2174 1355 2212 gratia.

866 1984 884 2015 U(

867 2255 898 2287 6.
925 2252 976 2285 Ne
999 2251 1168 2291 permittas
1193 2259 1251 2292 spe
1276 2249 1438 2293 frustrari,

926 2301 1046 2341 Quibus
1070 2303 1163 2340 potes
1188 2299 1367 2341 suffragari,

926 2349 994 2382 Fac
1021 2357 1079 2381 nos
1105 2347 1234 2383 Christo
1258 2350 1470 2393 praesentari,

927 2398 974 2432 Ut
998 2396 1083 2429 hunc
1106 2400 1212 2429 tecum
1238 2398 1448 2439 contemplari

974 2446 1137 2480 Possimus
1162 2446 1196 2478 in
1218 2446 1331 2488 gloria.

1274 2502 1309 2532 15
