1653 2668
657 143 919 179 —141—

148 266 154 272 .
181 239 256 273 Uva
280 238 392 280 dulcis,
419 237 478 272 fios
505 240 623 284 suavis,
816 242 848 274 ¹7.
874 241 924 273 Tu
948 240 1089 282 sigillum
1112 239 1189 272 libri
1215 240 1300 273 vitae

231 288 352 321 nardus
378 287 553 332 odorifera,
920 288 1059 322 solidum
1084 288 1119 320 in
1142 288 1280 331 saecula,

180 336 280 376 Virgo
304 344 433 375 semper
457 337 492 368 tu
518 335 674 376 sublimiS‚
873 336 971 377 OuJ'us
996 338 1104 376 potest
1128 335 1214 368 solus
1240 345 1339 377 agnus

230 383 372 423 gloriosa
388 391 561 427 puerpera,
920 384 1047 417 solvere
1067 384 1241 425 signacula,

178 431 304 464 Praebe
328 431 422 464 nobis
447 431 609 472 adoptivis
871 431 911 463 In
936 431 997 464 hoc
1020 434 1131 464 nostra
1156 440 1286 471 precum
1310 432 1385 464 stilo

230 479 362 519 pietatis
385 479 494 514 ubera.
922 479 1073 512 adscribe
1099 479 1264 512 voeabula.

180 565 321 599 Orientis
343 568 439 606 porta
466 566 582 604 clausa,
814 564 846 597 8,
873 564 1030 597 Miserere
1054 565 1167 607 nostri,
1193 565 1291 606 Deus,

231 623 325 654 quam
350 613 434 646 vidit
455 613 618 656 Ezechiel,
920 613 954 644 in
979 613 1125 653 personis
1151 613 1289 654 trinitas,

180 662 296 694 Mensa
320 662 416 704 regis,
444 661 485 693 ad
509 669 604 701 quam
631 662 730 701 dapes
873 660 1042 702 Miserere,
1069 661 1222 694 miserere

227 710 302 742 tulit
326 710 398 750 ipse
424 708 567 749 Gabriel,
921 708 1035 751 nostri,
1058 709 1194 750 simplex
1220 711 1337 751 unitas,

179 758 320 798 Quarum
347 767 439 799 opem
463 757 497 789 in
521 757 649 790 leonum
873 757 921 790 Te
946 757 1079 796 spiritus
1105 758 1206 790 omnis
1232 758 1342 791 laudet

228 806 302 839 lacu
324 806 427 838 sensit
449 805 579 838 Daniel.
920 805 1117 846 sempiterna
1143 806 1255 840 deitas,

203 891 272 921 Ood,
292 891 582 920 Mediceo-Laurent.
606 889 696 919 Oonv.
718 898 782 927 sup.
805 889 828 919 Ο
848 888 875 918 8.
897 888 962 919 957.
983 898 1060 919 saee.
1081 889 1124 919 16.

581 1059 635 1093 117.
679 1060 726 1092 Ad
746 1060 777 1092 B.
799 1059 931 1092 nariam
952 1061 987 1092 V.

122 1155 155 1189 1,
181 1154 262 1193 Ave,
287 1152 390 1193 virgo,
415 1151 480 1184 Dei
503 1151 671 1192 templum,
841 1151 874 1184 7.
899 1151 981 1191 Ave,
1007 1160 1134 1193 sponsa,
1159 1150 1278 1186 florens
1303 1154 1388 1195 vitis,

184 1201 350 1235 Castitatis
377 1202 410 1231 et
433 1200 626 1240 exemplum,
900 1199 997 1238 Cujus
1023 1198 1146 1232 fructus
1172 1201 1281 1234 botrus
1307 1203 1403 1238 mitis,

184 1251 265 1293 Ave,
293 1249 393 1292 virgo,
423 1249 564 1281 candens
591 1247 723 1288 caelum,
899 1248 979 1286 Ave,
1006 1256 1124 1288 sponsa
1148 1253 1241 1290 grata
1267 1251 1395 1291 eunctis,

183 1297 266 1331 Inde
289 1298 397 1330 lumen
425 1297 505 1330 dans
531 1304 690 1330 serenum.
896 1294 957 1327 'Pia
979 1296 1061 1329 vivis
1088 1299 1121 1328 et
1146 1296 1315 1332 defunctis.

122 1388 155 1421 2.
182 1387 263 1426 Ave,
290 1385 391 1426 virgo,
413 1385 531 1425 ‚iuvans
555 1383 709 1416 mundum
842 1383 873 1415 8.
899 1382 982 1422 Ave,
1009 1392 1128 1423 sponsa
1150 1385 1310 1424 salutaris,

182 1434 393 1467 corruentem
417 1433 451 1465 in
476 1430 684 1473 profundum,
899 1429 1013 1463 Dulcis
1037 1432 1135 1464 rebus
1159 1432 1193 1464 in
1219 1433 1347 1474 amam,

179 1483 261 1525 Ave,
288 1481 389 1524 virgo,
417 1490 499 1522 quae
523 1479 685 1513 infernum
896 1478 977 1521 Ave,
1005 1488 1123 1519 sponsa
1148 1480 1330 1524 singularis,

180 1530 295 1565 Vincis
321 1532 434 1562 tenens
458 1529 510 1569 jus
536 1536 718 1569 supernum.
901 1526 1012 1559 Caecis
1037 1528 1211 1567 splendens
1236 1528 1291 1561 lux
1316 1530 1441 1565 solaris.

127 1621 159 1653 3.
186 1619 266 1661 Ave,
294 1617 395 1658 virgo,
423 1624 505 1658 quae
528 1624 588 1655 per
612 1617 722 1647 natum
841 1613 873 1648 9.
899 1613 980 1654 Ave,
1008 1623 1125 1653 sponsa
1149 1617 1262 1655 potens
1288 1616 1377 1657 satis,

184 1667 326 1699 Mortem
352 1666 469 1697 sternis
497 1668 530 1697 et
554 1666 732 1704 peccatum,
899 1661 956 1693 Me
981 1665 1073 1694 tuere
1097 1671 1117 1694 a
1140 1664 1292 1707 peccatis,

182 1716 264 1755 Ave,
289 1714 392 1757 virgo,
416 1713 515 1745 morti
544 1712 655 1744 datum
898 1709 980 1749 Ave,
1006 1710 1071 1742 tuis
1096 1719 1220 1751 gemma
1243 1712 1364 1754 lucens,

181 1764 285 1796 Tuum
312 1771 370 1794 ora
393 1771 454 1802 pro
479 1770 532 1793 me
556 1762 677 1793 natum.
900 1757 1007 1797 Majus
1033 1759 1110 1791 solis
1135 1760 1241 1792 lumen
1269 1760 1397 1793 ducens.

125 1853 159 1885 4.
185 1851 267 1893 Ave,
294 1849 435 1883 clemens
458 1848 663 1889 imperatrix,
819 1844 875 1878 10.
902 1845 982 1888 Ave,
1008 1846 1071 1877 tuis
1099 1845 1196 1879 decor
1220 1847 1394 1887 splendens

183 1900 315 1940 Terrae,
339 1898 421 1931 coeli
447 1896 652 1939 dominatrix,
899 1892 945 1925 Et
975 1894 1009 1925 in
1033 1896 1159 1926 noctem
1183 1904 1248 1927 non
1273 1895 1446 1939 offendens,

181 1949 262 1991 Ave,
293 1948 432 1980 clemens
459 1948 492 1977 et
516 1945 653 1978 amatrix
899 1942 979 1985 Ave,
1007 1942 1070 1974 tuis
1095 1942 1151 1975 lux
1175 1944 1346 1976 ostendens

181 1996 228 2029 Et
251 1997 409 2029 virtutum
433 1994 610 2036 operatrix,
902 1990 1089 2023 claritatem
1114 1994 1146 2023 et
1170 1992 1395 2031 praetendens.

125 2087 158 2122 5.
185 2086 267 2125 Ave,
296 2084 436 2116 clemens
461 2081 548 2113 vitae
576 2081 695 2124 datrix,
819 2079 875 2113 11.
901 2078 982 2120 Ave,
1009 2078 1073 2110 tuis
1098 2078 1188 2111 sidus
1213 2077 1351 2121 fulgens,

182 2133 343 2166 Vitiorum
368 2130 564 2171 enervatrix,
901 2127 949 2160 Ut
971 2134 1088 2159 aurora
1109 2135 1203 2159 mane
1227 2136 1371 2170 surgens,

182 2183 265 2222 Ave,
293 2181 433 2213 clemens
457 2177 642 2210 miseratrix
900 2175 982 2219 Ave,
1007 2174 1070 2207 tuis
1096 2184 1207 2216 pacem
1231 2174 1349 2218 serem,

182 2231 403 2270 Peccator-um,
431 2236 495 2260 non
519 2226 696 2267 peccatrix.
902 2223 1029 2256 Inimici
1057 2224 1142 2256 vires
1166 2226 1285 2259 terens,

129 2320 160 2352 6.
189 2318 271 2357 Ave,
300 2317 439 2349 clemens
466 2314 636 2355 expiatrix,
822 2312 875 2345 12.
903 2311 984 2351 Ave,
1010 2311 1074 2344 tuis
1099 2312 1167 2344 zelo
1192 2312 1319 2355 degens,

188 2366 311 2408 Culpae
334 2363 437 2405 lapsis
463 2362 657 2403 reparatrix,
901 2359 1006 2392 Vitam
1041 2360 1163 2400 praebe
1186 2363 1297 2394 nostra
1321 2371 1446 2406 regens,

185 2416 269 2455 Ave,
296 2414 437 2446 clemens
461 2410 647 2452 mediatrix,
896 2409 979 2450 Ave,
1003 2411 1108 2442 mater
1131 2409 1287 2450 speciosa,

185 2464 322 2505 Quaeso,
350 2461 413 2494 mei
438 2461 483 2493 sis
509 2459 674 2496 salvatrix.
903 2458 1026 2491 Albens
1049 2467 1176 2500 manna,
1202 2458 1319 2493 rubens
1341 2470 1424 2496 rosa.
