1653 2668
719 124 959 160 *67-

190 224 269 258 245.
285 222 438 263 Lunaque
461 223 648 256 luminosior

283 270 327 305 Et
351 270 473 303 cunctis
498 271 618 304 sanctis
646 273 797 313 sanctior,

282 319 477 360 Gunctisque
500 319 669 360 gratiosior

282 367 327 401 Et
351 367 473 399 cunctis
497 367 687 410 mirabilior,

284 414 476 456 Cunctisque
502 416 710 449 excellentior

188 464 266 497 1350.
281 463 326 496 Et
351 463 473 496 cunctis
499 464 684 504 speciosior.

280 510 396 552 Maria,
423 512 534 544 schola
561 512 751 556 dogmatum,

279 559 395 600 Maria,
420 559 553 601 lausque
577 563 792 601 pneumatum,

280 608 400 640 Areola
427 611 614 649 aromatum,

280 656 448 695 Apotheca
473 656 708 689 charismatum.

184 705 264 738 255.
278 704 394 745 Maria,
420 704 532 736 mundi
556 705 730 745 speculum,

281 750 446 784 Castitatis
471 752 678 794 signaculum,

278 799 441 833 Virtutum
465 801 712 841 receptaculum,

279 847 520 889 Redemptionis
546 847 699 880 ferculum

279 895 323 929 Et
346 896 469 936 gratiae
494 896 672 929 vehiculum

182 945 261 979 260.
277 943 323 976 Et
346 944 426 976 lucis
452 943 680 987 habitaculum,

276 991 396 1024 Salutis
420 992 694 1033 propugnaculum

276 1039 322 1072 Et
344 1039 406 1071 Dei
430 1039 681 1081 tabernaculum,

277 1087 454 1120 Salomonis
479 1088 657 1120 cubiculum

275 1134 321 1168 Et
345 1144 474 1168 aureum
498 1135 705 1175 thuribulum,

182 1185 261 1217 265.
276 1183 411 1216 Pietatis
435 1185 597 1217 oraculum

274 1231 319 1264 Et
342 1231 454 1264 veniae
480 1230 682 1273 vestibulum,

274 1278 386 1311 Firma
412 1278 525 1311 civitas
552 1280 705 1321 exsulum,

275 1327 464 1360 Dilectionis
490 1328 667 1359 vehiculum

275 1374 320 1407 Et
344 1374 522 1407 sanctitatis
547 1375 709 1416 pabulum.

183 1424 262 1456 270.
277 1422 396 1460 Maria,
423 1423 534 1454 mundi
558 1422 671 1465 lilium,

276 1470 388 1503 Gloria
411 1470 686 1512 triumphantium,

276 1518 419 1551 Victoria
442 1518 661 1559 pugnantium,

275 1565 478 1600 Infirmorum
503 1566 678 1598 remedium

274 1615 319 1648 Et
343 1623 470 1648 reorum
495 1613 663 1654 refugium.

178 1664 258 1697 275.
272 1662 391 1703 Maria,
416 1661 476 1694 flos
506 1662 709 1704 convallium,

271 1710 332 1743 Dei
359 1710 632 1751 gazophylacium,

273 1759 365 1792 Vitae
390 1758 650 1799 reconditorium,

270 1807 491 1840 Tenebrarum
517 1806 676 1839 excidium

268 1856 312 1888 Et
337 1856 418 1887 lucis
443 1853 646 1896 infusorium,

173 1905 252 1938 280.
272 1904 403 1936 Pietatis
429 1904 606 1944 remigium,

267 1952 329 1985 Dei
355 1952 606 1992 reclinatorium,

266 2000 405 2034 Deitatis
432 2000 630 2040 cinctorium,

267 2049 406 2091 Spiritus
431 2051 535 2081 sancti
560 2048 722 2081 scrinium.

266 2098 382 2140 Maria,
409 2097 494 2137 regis
520 2096 644 2140 solium,

169 2148 248 2180 285.
265 2146 459 2179 Miserorum
484 2146 643 2186 solatium,

266 2194 430 2228 Salvatrix
455 2194 666 2238 pereuntium,

264 2245 381 2277 Portus
407 2242 659 2284 periclitantium

261 2292 307 2325 Et
328 2292 418 2324 sidus
443 2291 673 2331 navigantium.

259 2340 378 2381 Maria,
404 2340 491 2373 salus
517 2339 667 2380 gentium,

166 2391 245 2424 290.
261 2389 402 2423 Laetitia
427 2387 572 2422 fidelium

260 2438 305 2471 Et
328 2438 442 2472 mundi
465 2437 691 2480 patrocinium,

969 223 1117 256 Jucunda
1141 223 1210 255 laus
1237 222 1420 254 coelestium

967 271 1013 303 Et
1036 271 1137 304 tutela
1160 270 1370 303 terrestrium.

966 319 1084 360 Maria,
1108 319 1164 351 lux
1187 319 1387 358 laetantium,

874 370 953 402 295.
970 368 1082 400 Virtus
1108 369 1141 399 et
1165 367 1230 399 vita
1256 367 1409 407 cordium,

967 415 1088 448 Summi
1112 415 1196 456 regis
1221 414 1405 454 hospitium,

968 463 1168 496 Consolatrix
1194 463 1402 495 moerentium

965 511 1011 544 Et
1034 511 1171 544 amatrix
1195 510 1370 544 humilium.

965 559 1082 601 Maria,
1108 568 1181 599 spes
1204 558 1367 600 debilium,

871 610 950 643 300.
964 607 1097 640 Erectio
1123 606 1319 640 credentium

966 655 1138 696 Virtusque
1160 655 1383 693 laborantium,

965 702 1096 736 Gratiae
1120 703 1316 735 stillicidium

963 751 1009 785 Et
1031 760 1155 784 morum
1179 751 1406 791 magisterium.

961 798 1077 840 Maria,
1104 797 1305 840 refrigerium

869 849 950 882 305.
964 847 1009 879 Et
1033 847 1303 888 propitiatorium,

962 895 1101 928 Deitatis
1126 895 1284 927 aerarium

963 943 1008 976 Et
1031 942 1160 975 Domini
1185 942 1369 975 sacrarium.

963 991 1079 1035 Maria,
1107 990 1172 1022 dux
1195 990 1351 1031 fidelium,

962 1038 1084 1071 Terror
1109 1040 1141 1070 et
1164 1038 1269 1070 luctus
1299 1038 1446 1078 hostium,

867 1089 886 1120 3
893 1088 909 1121 1
916 1088 947 1122 Ο.
961 1085 1101 1119 Laetitia
1125 1086 1333 1127 credentium,

961 1133 1106 1175 Sospitas
1131 1134 1363 1175 aegrotantium

961 1182 1004 1215 Et
1028 1185 1141 1222 portus
1165 1180 1396 1215 fluctuantium.

960 1229 1076 1270 Maria,
1102 1230 1188 1262 vitae
1211 1230 1349 1270 pretium

959 1277 1006 1311 Et
1028 1278 1091 1310 Dei
1116 1277 1321 1320 domicilium,

866 1328 947 1361 315.
964 1325 1083 1358 Salutis
1107 1325 1321 1367 privilegium,

960 1373 1160 1414 Virginitatis
1185 1374 1289 1406 lilium

959 1421 1006 1454 Et
1028 1421 1129 1454 honor
1155 1422 1393 1454 continentium.

958 1469 1074 1509 Maria,
1100 1478 1174 1509 spes
1197 1470 1418 1512 moerentium,

960 1517 1121 1551 Salvatrix
1148 1517 1361 1557 morientium,

865 1567 944 1601 320.
959 1564 1154 1598 Revocatrix
1180 1565 1363 1607 errantium,

957 1612 1133 1646 Libertatis
1157 1613 1353 1653 praesidium

958 1660 1002 1693 Et
1026 1661 1125 1693 vitale
1148 1661 1338 1694 subsidium.

957 1708 1073 1752 Maria,
1101 1709 1182 1742 coeli
1206 1709 1367 1750 gaudium,

957 1756 1130 1791 Potestatis
1155 1756 1329 1799 fastigium,

863 1807 942 1841 325.
956 1805 1129 1838 Exactoris
1155 1806 1296 1846 exitium,

956 1853 1133 1887 Praedonis
1157 1854 1393 1895 praecipitium,

955 1901 1130 1943 Babylonis
1157 1902 1317 1935 excidium

954 1950 1001 1984 Et
1024 1950 1137 1983 mortis
1164 1951 1395 1984 exterminium.

956 1998 1072 2040 Maria,
1099 1999 1186 2031 salus
1212 1999 1361 2041 omnium,

861 2049 940 2083 330.
956 2048 1017 2080 Dei
1045 2047 1257 2088 itinerarium,

954 2096 1051 2129 Lucis
1076 2096 1296 2136 elucidarium,

953 2145 1090 2178 Deitatis
1114 2144 1297 2186 solstitium,

953 2194 1054 2226 Beata
1079 2201 1154 2234 spes
1178 2193 1363 2226 mortalium

952 2242 998 2275 Et
1019 2242 1109 2282 pacis
1135 2242 1370 2276 consistorium.

858 2292 938 2326 335.
953 2289 1069 2332 Maria,
1096 2290 1187 2331 virgo
1212 2291 1381 2333 virginum,

951 2338 1070 2381 Maria,
1096 2342 1220 2373 lactans
1243 2339 1426 2383 Dominum,

952 2387 1068 2430 Maria,
1095 2388 1172 2421 solis
1197 2388 1296 2431 regia,

951 2436 1124 2470 Mulierum
1149 2437 1283 2478 laetitia,

1274 2493 1316 2524 5*
