1653 2668
133 243 190 276 25.
218 242 300 283 Ave,
331 251 412 284 quae
435 242 593 288 vivificas,

217 291 282 323 Per
307 293 415 324 natum
443 291 612 326 mollificas

266 339 375 373 Corda
402 340 483 372 dura
506 349 613 384 saxea,

217 386 296 428 Fac,
320 390 357 420 ut
379 390 505 430 tergam
527 387 667 430 fletibus,

219 435 406 468 Incedendo
431 436 568 476 pedibus

267 485 355 525 Quae
383 485 526 517 commisi
551 486 656 519 noxia.

137 561 192 595 26.
219 560 300 603 Ave,
326 569 451 593 morum
476 562 598 603 regula,

218 608 318 640 Nulla
343 611 456 649 regnet
480 609 598 642 nebula

267 657 358 689 Intra
385 657 490 689 carnis
518 658 676 697 cellulam,

218 704 305 736 Tuus
330 714 390 744 per
415 708 448 737 te
471 704 558 737 filius

220 753 312 785 Intus
342 756 374 785 et
400 754 539 785 exterius

270 801 402 834 Omnem
426 805 532 842 tergat
556 801 723 833 maculam.

137 880 194 912 27.
220 879 302 918 Ave,
328 878 385 910 lux
412 878 539 918 eximia,

221 926 320 959 Lucis
346 935 406 967 per
432 926 596 967 obsequia,

269 975 347 1016 Fac,
374 977 410 1005 ut
436 973 565 1008 Christo
590 974 746 1015 placeam,

221 1022 268 1055 Ut
292 1026 408 1055 exutus
433 1031 569 1063 corpore

219 1070 309 1103 Bono
333 1072 447 1111 plenus
474 1079 572 1110 opere

272 1119 368 1153 Coelo
394 1119 476 1151 sumi
502 1119 636 1151 valeam.

214 1186 297 1214 Orat.
323 1194 375 1213 ms.
403 1184 560 1213 Scotorum
585 1184 791 1213 vindobonen.
820 1181 856 1211 54
882 1184 904 1211 h

146 1225 196 1251 tuo
216 1223 271 1252 Hs.

759 147 828 183 147
878 166 925 171 —-

827 246 884 279 28.

829 563 885 596 29.

831 876 887 910 30.

910 245 992 287 Ave,
1016 247 1072 277 tuo
1096 252 1229 276 munere

909 292 1094 335 Temporali
1119 291 1254 325 verbere

959 340 1036 374 Mea
1057 344 1147 382 terge
1171 340 1258 380 vitia,

909 388 1006 422 Sidus
1031 389 1130 422 maris
1153 388 1310 429 inclitum,

912 436 976 469 Sed
1002 438 1090 469 nulla
1114 439 1188 477 post
1213 436 1333 469 obitum

960 486 1017 518 Me
1042 488 1175 526 tangant
1199 483 1370 525 supplicia.

913 561 992 602 Ave,
1021 562 1123 594 dulcis
1149 561 1304 603 omnibus,

912 609 960 642 Tu
986 610 1140 643 virtutum
1164 608 1295 642 floribus

960 658 1015 690 Me
1040 657 1225 698 frequenter
1248 658 1359 691 imbue

911 705 1059 745 Mihique
1082 714 1142 745 per
1165 706 1279 745 tilium,

914 753 973 792 Qui
1000 757 1049 785 est
1072 762 1145 793 spes
1170 754 1323 797 fidelium,

961 801 1075 833 Finem
1099 801 1217 834 bonum
1243 802 1359 837 tribue.

913 878 990 910 Mea
1014 879 1083 911 sine
1107 879 1215 911 taedio

915 925 1039 958 Psallat
1064 935 1148 959 nunc
1175 927 1302 960 devotio

963 974 1062 1014 Patri,
1089 977 1174 1013 nato,
1201 973 1331 1015 flamini,

915 1022 1089 1061 Virtutem,
1115 1023 1291 1062 potentiam

915 1068 1121 1110 Laudemque
1145 1073 1334 1110 perpetuam

962 1118 1040 1150 Piae
1064 1119 1160 1150 matri
1187 1118 1314 1158 virgini.

935 1181 963 1210 5³1.
991 1185 1064 1211 anni
1091 1182 1175 1212 1410.
1258 1182 1313 1218 2ἱ,
1346 1183 1362 1212 1
1382 1186 1459 1213 Ante

611 1325 673 1358 122.
714 1325 758 1357 De
777 1325 809 1356 B.
830 1324 932 1357 Maria
951 1325 986 1357 V.

141 1408 172 1443 1.
198 1408 335 1441 Domine
361 1407 414 1440 fac
438 1407 534 1440 labia.

247 1456 386 1489 reserari
411 1457 529 1497 clausa,

198 1504 245 1538 Ut
269 1514 328 1545 pro
352 1505 421 1537 nati
447 1504 550 1545 gloria

249 1554 314 1585 sint
339 1561 490 1585 resonare
516 1561 594 1585 ausa

198 1600 325 1634 Man'ae
349 1602 445 1633 matri
470 1600 588 1642 virgini

245 1649 374 1682 Laudes
399 1649 469 1681 sine
494 1657 607 1689 pausa.

142 1727 175 1761 2.
200 1727 288 1759 Deus
315 1727 348 1759 in
374 1726 528 1759 auxilium

246 1784 351 1807 meum
377 1784 461 1808 nunc
486 1774 630 1816 intende,

198 1823 338 1856 Domina
362 1822 541 1856 subsidium

248 1872 325 1904 mihi
349 1872 416 1912 jam
440 1870 601 1912 impende,

202 1919 248 1953 Ut.
272 1930 334 1953 non
360 1921 394 1952 in
421 1919 569 1952 exsilium

252 1978 339 2009 ruar,
366 1977 418 2000 me
443 1967 593 2001 defende.

140 2047 172 2081 3.
199 2046 325 2087 Venite,
353 2054 422 2078 mas
449 2047 480 2077 et
505 2044 635 2089 femina,

249 2095 317 2135 jam
345 2097 472 2134 tempus
499 2094 696 2138 exsultandi,

199 2143 353 2184 Exsurge
377 2142 557 2175 laetissima

250 2191 348 2225 modo
370 2190 544 2232 jubilandi,

205 2239 482 2280 Praeoccupando
508 2237 623 2272 faciem

251 2289 315 2322 Dei
342 2286 527 2322 confitendi.

145 2368 179 2402 4.
204 2367 288 2409 Quia
309 2375 444 2408 magnus
469 2364 637 2409 Dominus,

249 2416 339 2448 Deus
364 2424 433 2458 rex,
460 2414 533 2456 plus
559 2416 678 2454 quanto

200 2465 319 2505 Quovis
345 2463 567 2506 multipliciuS,

837 1582 855 1614 Εἴ(

940 1407 1086 1439 venerari
1111 1409 1200 1439 tanto

893 1455 1023 1488 Cunctis
1050 1453 1224 1496 difficilius,

940 1502 1046 1543 ipsum
1070 1503 1130 1535 sed
1154 1506 1273 1536 amato,

860 1606 867 1614 .
894 1581 1036 1622 Singula,
1063 1588 1145 1621 quae
1167 1581 1267 1613 maris
1292 1583 1368 1613 sunt

946 1631 978 1659 et
1002 1632 1119 1669 terrae,
1145 1632 1200 1661 tuo
1227 1629 1325 1661 ductu

893 1676 1061 1716 Reguntur
1084 1678 1116 1709 et
1139 1676 1312 1717 perficiunt

942 1724 1121 1757 abundanti
1146 1724 1264 1765 fructu,

892 1772 959 1813 Me,
987 1773 1040 1814 qui
1065 1782 1163 1816 mare,
1192 1773 1316 1807 aridam

942 1819 1097 1864 fundasti,
1122 1822 1177 1862 pie
1202 1822 1264 1855 duc
1287 1825 1334 1856 tu.

863 1923 871 1932 .
893 1898 941 1931 Ut
964 1897 1061 1931 hodie
1085 1899 1265 1938 concipiam

945 1949 978 1978 et
1001 1955 1129 1988 semper
1153 1950 1208 1979 tua
1232 1947 1315 1980 mira

895 1995 941 2027 Et
962 2003 1073 2028 vocem
1098 1997 1185 2027 tuam
1211 1996 1341 2028 audiam

945 2046 1159 2084 concrepante
1184 2044 1257 2085 lyra

897 2093 1057 2133 Jussaque
1080 2091 1246 2133 perficiam

947 2139 1049 2182 fatiga
1073 2142 1142 2173 sine
1169 2142 1249 2175 dira.

864 2246 870 2255 ,
897 2218 971 2251 Scio
996 2220 1030 2251 te
1053 2218 1243 2261 praecipere

945 2270 1096 2307 parentes
1118 2267 1288 2310 honorare,

897 2316 984 2349 Hinc
1008 2319 1143 2349 matrem
1167 2319 1265 2359 tuam,
1300 2318 1445 2362 Domine,

946 2364 1096 2397 desidero
1122 2374 1232 2398 amare

898 2413 944 2446 Et
969 2413 997 2445 ei
1023 2413 1129 2446 laudis
1155 2415 1296 2448 carmine

947 2462 1120 2496 cordicitus
1145 2472 1270 2498 sonare.

1238 2519 1297 2549 10*
