1655 2669
707 146 875 182 -255
928 166 973 171 —-

181 242 239 277 19.
268 244 369 276 Amor
394 246 444 276 est
467 253 520 276 res
544 253 621 277 suae
645 245 726 286 spei,

268 290 350 332 Spes
376 292 474 324 etiam
499 301 577 325 suae
600 293 659 335 rei,

313 340 391 379 Ipse
415 339 479 373 sibi
503 341 625 383 gratia3

266 387 342 427 Ipse
368 396 477 428 causa,
503 388 575 428 ipse
600 387 734 432 fructus,

265 435 379 476 Neque
404 434 484 468 foris
510 445 530 468 a
550 445 585 468 se
611 437 724 469 ductus

315 482 385 516 Sibi
410 484 537 523 quaerit
561 484 635 519 alia.

182 571 238 603 20.
264 570 367 602 Amor
389 569 476 602 solus
501 570 572 602 vult
592 578 736 612 regnare,

267 618 382 650 Totam
407 619 549 650 mentem
573 627 742 660 occupare,

314 665 407 698 Solus
432 666 533 697 menti
556 666 740 708 praesidet;

266 713 340 746 Non
366 717 425 756 est,
452 722 513 754 quo
538 713 638 745 intret
661 714 785 755 vitium,

267 761 332 795 Ubi
358 763 447 794 tenet
470 761 650 804 imperium,

314 810 382 844 Ubi
403 811 506 842 totum
526 809 683 850 possidet.

183 896 241 930 21.
266 896 368 928 Amor
393 897 532 937 sanctus,
556 905 645 928 amor
669 897 820 937 mundus,

269 944 372 976 Amor
397 943 498 976 festus
524 946 557 976 et
577 945 738 985 J'ucundus

320 993 444 1026 Cuncta
468 990 559 1032 fugat
582 993 679 1033 vitia3

268 1041 370 1072 Amor
394 1040 509 1081 plenus
534 1041 630 1080 plene
654 1041 783 1084 gaudet,

269 1088 417 1121 Osculari
443 1087 546 1120 Deum
569 1089 668 1121 audet

320 1136 399 1169 Cum
424 1136 510 1168 omni
536 1135 663 1169 fiducia.

187 1223 244 1257 22.
268 1222 370 1255 Amor
394 1230 522 1262 semper
547 1222 761 1267 triumphalis,

268 1270 371 1302 Amor
395 1278 522 1310 semper
546 1271 711 1311 nuptialis,

317 1319 419 1351 Amor
444 1326 571 1358 semper
596 1318 718 1358 ebrius;

269 1366 371 1398 Amor
395 1375 536 1398 summus
563 1369 595 1397 et
619 1366 747 1408 regalis,

268 1414 371 1447 Amor
396 1414 469 1455 plus
496 1423 589 1454 quam
614 1413 732 1454 filialis,

317 1464 419 1495 Amor
441 1471 578 1502 sponsus
602 1462 763 1502 proprius.

184 1550 239 1583 23.
267 1548 333 1582 Ubi
358 1557 458 1589 amor,
484 1548 565 1580 nihil
592 1549 692 1589 deest,

268 1597 328 1636 Qui
349 1607 414 1629 non
439 1599 536 1637 amat,
563 1597 742 1637 quicunque
762 1601 821 1638 est,

316 1646 349 1678 Is
375 1645 457 1677 nihil
485 1647 534 1676 est
559 1645 704 1686 penitus;

267 1694 332 1725 Per
357 1701 497 1726 amorem
523 1691 560 1725 fit
585 1693 692 1725 anima

269 1742 390 1775 Christi
416 1750 535 1781 sponsa
562 1741 727 1773 carissima

311 1789 357 1822 Et
380 1789 480 1822 nubet
505 1789 668 1822 divinitus.

183 1876 240 1908 24.
267 1877 398 1909 Patrem
423 1875 560 1908 honoret
584 1874 680 1917 filius,

266 1923 331 1956 Sed
356 1933 485 1965 sponsa,
513 1924 598 1965 quod
617 1927 666 1956 est
684 1925 819 1968 dulcius,

315 1972 474 2013 Sponsum
500 1982 590 2004 suum
614 1973 745 2016 diligat;

264 2021 380 2061 Sicque
405 2020 534 2060 rejectis
560 2020 706 2054 omnibus

264 2069 382 2101 Mundi
409 2068 633 2102 dilectionibus

311 2118 423 2158 Ipsum
448 2117 552 2150 solum
577 2118 684 2159 eligat.

179 2206 235 2238 25.
263 2205 382 2238 Servus
408 2204 523 2237 timore
548 2205 670 2238 serviat

260 2253 306 2286 Et
331 2253 511 2286 mercedem
538 2253 687 2296 accipiat,

309 2302 370 2343 Qui
395 2304 444 2335 est
466 2302 700 2343 mercenarius3

260 2350 326 2384 Sed
351 2359 472 2392 sponsa
493 2359 644 2392 sponsum
671 2360 803 2384 cernere

262 2399 308 2433 Et
332 2400 477 2432 osculum
503 2400 571 2432 vult
594 2399 725 2441 habere,

306 2448 397 2489 Quod
424 2450 473 2481 est
496 2448 591 2490 longe
618 2449 753 2483 dulcius.

877 245 934 277 26.
961 243 1062 276 Amor
1085 242 1165 283 legis
1187 243 1364 287 plenitudo,

961 292 1064 324 Amor
1089 290 1195 323 cordis
1220 291 1369 332 latitudo,

1007 340 1109 372 Amor
1132 340 1249 372 mentis
1274 340 1416 382 specula,

959 388 1061 419 Amor
1086 386 1195 420 dulces
1222 387 1278 419 dat
1301 387 1459 430 lacrimas,

960 435 1030 467 Lex
1056 438 1104 467 est
1130 437 1317 467 convertens
1342 436 1464 468 animas

1009 483 1101 516 Omni
1127 491 1237 515 carens
1263 484 1399 518 macula.

878 570 934 603 27.
960 570 1062 602 Amor
1086 569 1193 611 gemit,
1219 578 1309 602 amor
1334 573 1414 612 orat,

958 618 1060 650 Amor
1084 618 1218 659 plangit,
1246 627 1334 650 amor
1357 619 1473 661 plorat,

1011 666 1157 698 Pascitur
1183 666 1337 706 suspirio;

961 714 1073 755 Amor,
1100 715 1153 753 qui
1180 717 1267 745 caret
1289 714 1441 758 lacrimis,

961 762 1032 794 Nec
1056 761 1198 801 suspirat
1223 762 1262 794 ab
1288 762 1418 803 intimis,

1010 810 1107 843 Caret
1132 810 1303 844 desiderio.

878 898 934 930 28.
961 897 1063 929 Amor
1085 897 1204 929 mundo
1229 897 1299 929 vult
1323 897 1454 937 conteri,

962 945 1102 977 Mundus
1129 947 1179 976 est
1203 945 1233 976 ei
1254 946 1353 985 oneri,

1009 992 1079 1025 Lux
1105 992 1177 1032 ipsa
1202 991 1351 1033 fastidi03

964 1043 1042 1073 Cum
1068 1039 1224 1081 differtur,
1250 1049 1339 1073 amor
1364 1041 1488 1084 crescit,

960 1088 1109 1121 Minuere
1134 1096 1204 1119 eum
1229 1088 1332 1120 nescit

1012 1136 1077 1169 Sed
1101 1138 1196 1177 auget
1222 1136 1343 1169 dilatio,

880 1225 933 1257 29.
960 1224 1062 1255 Amor
1085 1223 1189 1255 nescit
1213 1222 1372 1263 meditari,

960 1271 1021 1303 Vel
1046 1271 1159 1304 audire
1182 1272 1234 1303 vel
1261 1270 1360 1309 effari,

1009 1319 1080 1351 Nisi
1106 1319 1191 1358 quod
1217 1319 1387 1359 amaverit3

961 1368 1063 1400 Amor
1088 1375 1202 1406 expers
1228 1370 1260 1398 et
1285 1367 1413 1408 erroris,

960 1416 1019 1455 Qui
1043 1415 1147 1447 socius
1174 1416 1224 1446 est
1247 1415 1376 1455 amoris,

1009 1463 1131 1496 Errare
1155 1472 1218 1494 non
1243 1463 1372 1503 poterit.

882 1551 937 1583 30.
964 1550 1064 1582 Amor
1090 1548 1191 1581 currit
1216 1549 1390 1592 diligendo,

959 1598 1150 1629 Perseverat
1173 1597 1207 1628 in
1233 1597 1391 1630 currendo

1008 1645 1054 1678 Et
1079 1653 1204 1677 cursum
1230 1645 1406 1686 accelerat3

962 1693 1070 1726 Tarde
1095 1693 1178 1725 enim
1203 1694 1383 1736 pervenire⁷

966 1741 1075 1774 Tarde
1100 1741 1204 1773 credit
1229 1741 1384 1785 invenire,

1007 1790 1100 1830 Quod
1124 1789 1219 1821 nimis
1247 1790 1419 1823 desiderat.

879 1876 934 1909 31.
964 1876 1117 1917 Sponsus,
1144 1876 1199 1916 qui
1224 1885 1374 1917 sponsam
1393 1877 1507 1918 diligit,

964 1924 1108 1965 Sponsae
1132 1933 1271 1957 amorem
1294 1926 1393 1966 exigit

1009 1973 1079 2005 Nec
1103 1973 1239 2013 requirit
1262 1974 1417 2015 amplius3

962 2021 1086 2062 Sponsa
1110 2021 1200 2053 novit
1227 2022 1370 2063 diligere,

959 2069 1030 2102 Nec
1054 2071 1115 2102 seit
1138 2078 1199 2101 nec
1223 2070 1310 2102 valet
1334 2071 1473 2104 reddere

1008 2118 1132 2159 Sponso
1158 2118 1330 2159 quidquam
1356 2121 1489 2162 gratius,

875 2208 930 2240 32.
959 2206 1084 2246 Sponsa
1108 2215 1171 2238 non
1196 2206 1295 2239 habet
1317 2208 1415 2250 aliud,

955 2254 1025 2287 Nec
1049 2264 1167 2296 sponso
1192 2255 1300 2296 placet
1324 2257 1414 2290 aliud

1007 2304 1108 2344 Quam
1132 2313 1269 2344 sponsae
1295 2305 1446 2348 dilecti03

957 2351 1014 2385 Nil
1038 2352 1125 2385 aliud
1151 2361 1268 2393 sponso
1295 2354 1402 2398 debet,

957 2400 1028 2433 Nec
1051 2400 1140 2434 aliud
1165 2410 1282 2442 sponso
1306 2403 1446 2445 praebet

1007 2450 1132 2492 Sponsa
1155 2450 1189 2483 in
1214 2451 1369 2494 conjugio.
