1653 2668
728 115 987 151 -267—

225 214 256 247 7.
286 212 377 245 Sicut
402 212 484 245 enim
511 213 735 246 vestimentum
892 213 945 246 11.
969 214 1037 247 Ista
1062 222 1185 255 quoque
1209 214 1381 247 Ezechiam

331 261 420 293 tinea
446 260 627 301 demolitur,
1021 266 1092 302 post
1119 265 1210 294 tanta
1234 263 1406 304 praeconia

281 309 325 342 Et
349 318 369 341 a
392 309 554 342 vermibus
581 318 748 342 conrosum
972 310 1092 351 Regem
1115 311 1193 352 adit,
1220 312 1394 352 superavit,

331 365 428 398 saepe
452 357 575 398 lignum
599 358 726 397 teritur,
1022 357 1119 400 fregit
1143 368 1226 391 vana
1249 360 1363 402 gloria,

283 405 400 446 Sicque
424 405 583 438 morsibus
611 407 745 441 vastata,
974 406 1135 447 Quemque
1148 407 1248 439 hostis
1258 416 1321 439 non
1332 408 1518 450 prostravit,

334 453 439 486 tristis
464 462 554 486 mens
580 453 762 494 perimitur.
1022 455 1187 495 superavit
1211 456 1346 490 vanitas,

224 521 257 554 8.
282 521 333 554 Dc
357 521 484 561 injuriis
509 520 609 553 illatis
893 520 948 554 12.
974 521 1025 553 De
1050 522 1201 562 superbia
1226 524 1436 565 contemptus,

334 569 437 610 deque
460 569 552 601 lucro
575 569 706 610 perdito
1022 578 1166 601 murmur
1193 572 1226 601 et
1248 571 1381 614 invidia,

284 619 398 657 Aequo
426 617 531 649 animo
558 620 670 656 estote,
975 616 1144 657 Haereses,
1173 619 1401 659 contentiones,

332 666 408 705 quia
431 665 505 705 pius
529 664 696 708 Dominus,
1023 665 1252 709 inobedientia,

288 714 513 747 Poenitentum
538 713 624 745 salus
649 713 720 753 ipse
976 712 1130 745 On‘untur
1153 714 1238 746 mala
1262 717 1374 746 cuncta

335 764 368 793 et
391 761 579 802 redemptor
603 761 753 794 omnium.
1023 770 1127 801 paene
1152 770 1221 794 cum
1246 763 1412 802 jactantia.

227 829 258 862 9.
285 829 336 862 De
361 829 469 862 acidia
493 828 642 870 procedit
894 829 949 863 13.
977 830 1015 862 In
1041 829 1166 861 occulto
1190 838 1280 861 mens
1307 830 1392 862 elata

333 876 449 909 mentis
475 877 681 918 instabilitas,
1021 877 1112 916 prius
1138 885 1208 909 cum
1232 879 1393 921 tumuerit,

284 925 464 959 Otiositatis
490 925 554 957 telo
977 924 1073 957 Velut
1098 925 1218 967 vipera,
1246 926 1399 958 maternis

335 975 499 1006 sauciatur
524 973 640 1015 anima,
1025 972 1179 1012 disruptis
1204 973 1371 1017 lateribus,

284 1022 400 1055 Cordis
424 1022 533 1053 taedio
560 1024 592 1052 et
616 1029 726 1053 somno
974 1020 1025 1053 De
1047 1020 1200 1053 barathro
1226 1022 1276 1053 sui
1302 1022 1407 1054 cordis

337 1077 465 1110 semper
489 1072 596 1101 manet
620 1069 725 1101 anxia.
1023 1068 1122 1101 verba
1146 1069 1271 1109 spargit
1295 1070 1436 1103 vocibus

202 1138 258 1171 10.
287 1136 492 1171 cenodoxiae
516 1136 653 1168 vitemus
894 1136 950 1168 14.
976 1134 1119 1168 Maxime
1144 1135 1313 1168 humanum
1340 1145 1438 1178 genus

331 1185 430 1217 letale
455 1185 646 1225 contagium,
1021 1191 1082 1223 per
1102 1185 1218 1215 mentis
1244 1184 1427 1225 superbiam

286 1234 321 1267 Si
347 1233 423 1273 quid
448 1232 524 1265 boni
551 1241 733 1273 operamur,
974 1231 1071 1265 Hosti
1096 1231 1245 1263 subditur
1270 1232 1399 1273 antiquo

333 1283 370 1313 ut
394 1290 414 1313 a
437 1280 507 1313 Deo
532 1280 712 1320 praemium
1027 1282 1059 1311 et
1083 1280 1188 1311 carnis
1212 1280 1381 1323 luxuriam,

281 1330 468 1363 Mereamur
493 1331 525 1360 et
549 1327 695 1361 fruamur
977 1328 1074 1367 Cujus
1099 1336 1157 1360 nos
1184 1329 1224 1360 de
1249 1327 1342 1360 fauce
1367 1329 1474 1361 trahat

332 1377 426 1409 bonis
450 1377 485 1409 in
509 1382 710 1418 perpetuum.
1023 1374 1149 1408 infinita
1177 1375 1290 1416 pietas.

607 1445 663 1478 15.
690 1443 839 1484 Quisquis
861 1443 934 1476 istis
957 1445 1111 1476 vacuatus

737 1490 836 1524 fuerit
860 1501 880 1523 a
903 1491 1002 1532 vitiis,

687 1539 890 1573 Mansionem
913 1539 984 1573 Deo
1007 1541 1103 1580 parat

735 1588 769 1620 in
793 1588 859 1620 suis
884 1587 1094 1629 praecordiis,

686 1637 890 1677 Regnat-‚urus
912 1635 947 1668 in
971 1637 1136 1668 aeternum

737 1693 808 1717 cum
833 1684 943 1717 electis
968 1684 1100 1724 angelis,

278 1763 348 1792 Cod.
372 1762 523 1791 casinens.
546 1761 681 1791 CCXXX
706 1769 783 1789 saec.
809 1757 883 1789 1⁰l11.
904 1775 942 1780 ——
963 1760 1142 1796 „Rhythmus
1184 1759 1324 1795 :ujus-dam
1345 1759 1523 1789 Scholastici

199 1804 235 1832 de
261 1805 327 1831 octo
354 1802 571 1838 principalibus
598 1801 683 1829 vitiis
715 1799 876 1829 secundum
897 1798 1029 1827 ordinem
1050 1807 1136 1836 quem
1156 1800 1258 1836 posuit
1277 1797 1466 1827 Cassianus.“
1486 1815 1521 1820 --

199 1840 226 1879 5,
247 1840 267 1869 4
286 1849 373 1879 quem
393 1842 420 1869 si
441 1840 592 1868 occiditur.
614 1854 651 1859 -—
667 1837 695 1874 8,
713 1837 734 1867 4
753 1847 829 1875 quae
848 1839 924 1875 pius.

605 1980 673 2013 233.
707 1980 752 2012 De
771 1979 887 2022 regula
906 1988 931 2011 s.
951 1978 1120 2011 Benedicti.

200 2087 231 2121 1,
257 2084 309 2117 De
334 2083 411 2117 Sion
437 2084 538 2117 exivit
561 2083 615 2116 lex
893 2082 926 2114 2.
952 2080 1063 2113 Prima
1087 2080 1186 2113 corda
1212 2079 1344 2113 denotat

307 2136 404 2174 atque
430 2132 470 2166 de
496 2132 622 2173 Casino,
1003 2129 1084 2162 dura
1108 2127 1315 2171 Judaeorum,

257 2180 439 2222 Utrobique
465 2181 542 2214 data
567 2183 615 2213 est
952 2176 1094 2218 Sequens
1118 2177 1224 2218 signat
1248 2177 1410 2219 simplices

307 2230 438 2263 numine
456 2229 576 2270 divino,
1000 2228 1123 2258 mentes
1148 2226 1384 2270 monachorum,

256 2279 368 2313 Prima
391 2279 425 2311 in
449 2278 611 2311 volumine
951 2274 1038 2315 Quae
1065 2275 1219 2316 depastae
1240 2275 1361 2317 jugiter

305 2327 465 2368 sculpitur
489 2326 627 2368 petrino,
998 2324 1102 2364 legem
1126 2327 1385 2369 praeceptorum,

255 2377 372 2410 Altera
395 2376 430 2409 in
457 2376 568 2409 codice
950 2371 1124 2405 Fructibus
1150 2372 1328 2406 exuberant

304 2425 450 2467 pingitur
475 2425 578 2459 ovino.
998 2430 1131 2463 operum
1153 2421 1322 2457 bonorum.
