1653 2668
716 141 950 179 ..38-.

184 248 239 282 11.
265 246 363 280 Absit
385 245 463 278 mihi
487 243 617 286 gloriari
945 239 995 271 Tu
1019 238 1074 278 qui
1100 237 1199 270 donas
1224 245 1316 270 omne
1341 235 1467 274 donum,

264 295 336 327 Nisi
361 302 454 326 cruce
479 291 640 332 singulari,
944 286 1038 319 Dona
1062 285 1141 317 mihi
1163 283 1260 317 finem
1284 284 1401 316 bonum

310 341 374 374 Ubi
400 350 476 374 vera
502 338 634 380 gaudia,
990 334 1036 366 Et
1060 332 1186 365 felicem
1213 333 1342 365 exitum.

263 390 353 422 Pelle
375 388 528 428 morbum’
556 386 597 418 da
621 385 766 439 §mntem’
862 401 918 434 13.
943 402 1021 435 Jesu
1047 400 1159 440 dulcis,
1184 403 1251 432 esto
1275 406 1408 437 mecum,

263 438 355 490 Fugq
380 437 507 489 crimqn’
535 434 576 466 da
595 435 759 487 JH'tUtem’
945 448 1049 489 Sume,
1072 456 1198 487 precor,
1224 450 1300 480 vota
1323 452 1465 486 precum,

311 485 370 517 P1a
395 492 496 516 crucls
520 482 635 514 hostia.
994 496 1096 528 Natus
1124 495 1208 527 alma
1233 494 1375 535 virgine3

184 553 238 587 12.
265 552 310 584 Te
334 551 477 583 salvante
500 549 559 581 sim
581 548 731 587 salvatus,
947 545 984 578 In
1009 544 1071 575 hoc
1093 542 1205 574 mundi
1230 541 1315 574 tristi
1341 540 1410 572 salo

262 599 309 631 Te
333 600 466 630 vocante
489 597 548 628 sim
576 598 704 628 vocatus
944 591 1000 624 Me
1024 590 1064 623 ab
1090 590 1176 622 omni
1201 599 1294 622 serva
1316 588 1412 629 malo,

311 646 401 677 Dono
427 644 528 677 sancti
553 643 703 684 spiritus;
993 639 1086 672 Salus
1111 646 1193 679 mea,
1218 637 1366 670 Domine.

259 721 330 749 Glm.
359 719 512 748 Monacen.
542 717 591 753 (ol.
615 713 840 750 Emmeramen.)
867 711 967 742 14343
998 714 1068 741 anni
1093 709 1176 740 1351.
1202 711 1237 739 A.
1261 726 1301 730 —
1328 710 1408 738 Orat.
1437 717 1489 737 ms.

182 760 308 789 Palatin.
340 758 543 786 Vindobonen.
572 753 648 783 4106
676 764 751 783 saec.
784 752 826 781 15.
855 753 889 781 Β.
916 767 954 772 ——
981 752 1053 780 Clm.
1081 751 1234 778 Monacen.
1264 749 1313 785 (ol.
1342 746 1493 784 Tegurin.)

183 795 281 826 19636
306 804 380 824 saec.
403 795 447 824 15.
469 796 499 824 Ο.
520 811 557 815 -
582 793 606 828 1,
629 792 647 821 5
666 794 729 822 Diu
755 793 857 820 dolens
882 792 916 819 in
935 791 993 820 ΒΟ.
1012 805 1051 809 —
1072 788 1098 823 1,
1119 786 1136 816 6
1155 789 1280 817 Mox-eris
1303 796 1356 824 pro
1382 785 1491 822 populo

181 836 238 864 ΒΟ.
258 851 296 855 -
313 832 346 869 3,
372 832 390 862 3
410 834 583 871 opprobriis
609 833 745 860 omnibus
765 830 821 859 BC.
842 845 878 849 —
900 826 932 863 3,
957 828 978 857 4
997 829 1071 856 Inde
1090 828 1186 855 latens
1205 827 1241 855 A.
1260 840 1301 846 ——
1318 823 1350 860 3,
1377 823 1397 852 5
1414 823 1490 852 Mihi

183 877 314 902 sanctum
339 874 372 900 in
396 873 567 900 thesaurum
585 871 620 898 A.
641 884 678 889 ——
702 868 735 905 4,
765 868 780 897 1
806 869 912 896 Vectes
933 869 1034 904 spinas
1053 866 1088 894 A.
1107 881 1146 885 —
1168 863 1201 899 4,
1226 864 1246 893 2
1272 865 1379 893 Clavos
1398 863 1433 890 A.
1454 877 1491 881 —

181 913 239 940 Str.
261 910 278 939 6
297 913 338 939 ist
356 912 389 938 in
408 912 433 938 A
455 911 517 938 also
539 910 698 937 erweitert:

577 958 637 985 Hic
655 959 685 985 te
703 964 823 992 passum
843 963 929 982 cerno
949 954 1061 989 Jesum,

575 997 722 1030 [Pi-actum,
742 996 882 1026 vinctum,
903 992 1004 1029 flag-ris
1025 1000 1143 1019 caesum

633 1033 778 1062 Trucibus
797 1031 971 1066 tortoribus3

578 1071 638 1099 Hic
657 1072 686 1099 be
706 1079 791 1098 cerno
813 1069 991 1097 denudatum

575 1109 617 1137 Et
634 1110 666 1136 in
686 1117 800 1137 crucem
820 1107 1006 1136 sublevatum

632 1147 823 1175 Peccatorum
841 1145 986 1179 mambae,

576 1184 675 1221 Spinis
695 1187 784 1221 caput
803 1186 982 1218 coronatum,

576 1223 698 1251 Vultum
717 1224 812 1259 sputis
831 1222 1010 1250 maculatum

632 1259 674 1289 Et
691 1262 810 1298 plenum
828 1260 983 1295 livoribus,

576 1300 683 1327 Totum
703 1308 807 1336 corpus
828 1301 1018 1333 cruentatum,

576 1338 674 1366 Hasta
690 1338 770 1365 latus
790 1338 967 1373 perforatum

632 1375 675 1404 Et
693 1377 804 1404 cruoris
824 1376 934 1403 exitum

576 1414 618 1442 Et
636 1416 666 1441 ‘ce
685 1415 763 1451 patri
782 1413 1015 1442 commendatum

577 1452 681 1488 Cerno,
702 1454 791 1488 caput
808 1452 982 1480 inclinatum

633 1491 690 1519 Pro
711 1500 758 1518 me
777 1490 895 1518 tradens
914 1492 1059 1526 spiritum.

181 1549 209 1582 7,
229 1547 246 1576 5
267 1549 325 1582 Qui
345 1549 495 1586 compellis:
513 1549 547 1576 B.
569 1562 604 1567 ——-
625 1545 652 1582 8,
673 1546 691 1575 2
712 1550 774 1576 sive
794 1547 889 1575 solum
908 1548 943 1575 A.
964 1564 1001 1568 -
1021 1545 1048 1582 8,
1069 1545 1087 1576 3
1106 1548 1174 1576 Nisi
1194 1549 1224 1576 te
1243 1548 1358 1584 reperio
1379 1545 1436 1575 ΒΟ.
1452 1561 1491 1567 —

182 1585 214 1622 (ἴ,
232 1585 252 1614 4
271 1587 354 1615 Haec
374 1590 418 1615 est
437 1588 502 1615 sola
520 1587 613 1616 crucis
633 1586 691 1614 ΒΟ.
711 1602 750 1606 -
769 1584 800 1620 9,
831 1584 846 1613 1
865 1586 926 1614 Ubi
947 1588 1057 1622 pateris
1078 1594 1145 1613 care
1164 1585 1222 1614 ΒΟ.
1244 1601 1281 1605 -
1302 1584 1332 1620 9,
1354 1582 1372 1613 3
1394 1584 1490 1612 Gubas

181 1626 215 1653 A.
238 1640 274 1645 --
294 1624 321 1659 9,
340 1623 360 1652 4
379 1625 408 1654 ff.
430 1626 527 1655 fehlen
541 1625 575 1652 A.
589 1640 626 1644 --
640 1622 667 1658 9,
688 1624 705 1653 5
724 1625 808 1653 Totis
824 1624 855 1652 G.
877 1639 912 1642 —
934 1623 978 1660 10,
997 1623 1012 1652 1
1033 1624 1084 1652 Sic
1102 1627 1136 1652 tu
1154 1632 1207 1661 pro
1221 1633 1269 1652 me
1281 1623 1339 1652 BC.
1354 1639 1394 1643 —
1408 1621 1452 1657 10,
1473 1620 1492 1649 2

180 1664 221 1691 Et
240 1665 273 1691 in
293 1672 378 1691 cruce
397 1664 560 1692 lacrimaris
573 1662 632 1691 ΒΟ.
655 1677 691 1682 -ν-
714 1661 757 1697 10,
777 1660 796 1691 3
814 1663 915 1690 felices
935 1662 1075 1691 lacrimae
1087 1663 1122 1690 A.
1142 1678 1181 1682 —
1202 1660 1245 1697 10,
1265 1661 1286 1690 4
1300 1663 1347 1690 Tu
1360 1662 1397 1689 de
1410 1662 1491 1689 fonte

180 1703 214 1730 A.
236 1716 272 1721 —
295 1700 342 1735 10,
372 1700 389 1729 5
409 1704 443 1730 ut
460 1710 512 1738 pro
532 1710 580 1729 me
600 1702 641 1728 sit
658 1702 693 1729 A.
713 1716 750 1720 -
773 1699 822 1737 11,
850 1699 868 1727 2
888 1702 921 1728 in
939 1710 1025 1729 cruce
1045 1701 1077 1729 Ο.
1098 1716 1134 1720 —-
1156 1699 1200 1734 11,
1221 1699 1239 1729 3
1259 1701 1356 1738 gloria
1374 1700 1433 1728 BC.
1453 1714 1490 1719 —

183 1738 231 1774 12,
255 1738 271 1767 1
297 1740 340 1767 Te
364 1743 487 1768 vocante
511 1748 576 1767 sum
601 1742 724 1767 vocatus
743 1740 778 1767 A.
799 1755 837 1759 —
859 1737 907 1773 12,
929 1736 947 1766 2
966 1741 1009 1768 Te
1029 1741 1154 1767 sanante
1172 1748 1238 1767 sum
1258 1741 1381 1767 sanatus
1398 1740 1433 1766 A.
1453 1752 1491 1758 —-

182 1776 232 1813 12,
258 1775 276 1806 3
303 1778 429 1806 Pietatis
456 1779 553 1814 gratia
572 1777 611 1813 A3
637 1777 706 1806 lies:
732 1778 819 1806 Dona
839 1779 972 1806 sanetum
992 1779 1150 1814 spiritum?
1169 1793 1207 1797 —
1229 1776 1280 1814 14,
1302 1776 1322 1805 4
1337 1778 1367 1805 ff.
1387 1777 1492 1805 stehen

181 1817 278 1844 hinter
299 1816 355 1844 Str.
377 1814 413 1845 13
433 1816 466 1844 A.
487 1831 525 1834 —
546 1814 590 1850 12,
611 1814 629 1842 5
648 1816 724 1844 Mihi
744 1816 821 1844 dona
839 1816 874 1843 A.
895 1830 932 1834 —
953 1814 997 1851 12,
1019 1814 1036 1843 6
1056 1816 1098 1844 Et
1116 1817 1241 1845 salutem
1262 1817 1379 1844 animae
1398 1817 1432 1843 A.
1454 1832 1492 1836 —

184 1852 228 1888 13,
248 1853 267 1882 4
285 1855 321 1882 In
340 1854 398 1882 hoc
416 1855 510 1882 tristis
530 1855 611 1882 vitae
629 1855 664 1882 A.
685 1870 722 1874 —
744 1852 788 1891 13,
809 1853 826 1882 5
845 1854 896 1881 Me
914 1854 1052 1883 defendas
1071 1855 1156 1882 hoste
1174 1856 1253 1883 malo
1273 1856 1309 1883 A.

652 2003 693 2037 19.
733 2006 777 2037 De
795 2003 944 2036 Passione
963 2004 1020 2036 DN.

206 2096 238 2129 1.
262 2094 454 2127 Benedictus
479 2095 624 2128 Christus
647 2094 746 2136 Deus,
888 2097 920 2128 2.
946 2096 971 2129 O
996 2095 1084 2136 Jesu,
1109 2095 1166 2127 lux
1191 2099 1224 2127 et
1249 2095 1396 2137 dulcedo,

265 2141 440 2176 Crucifixus
464 2151 552 2175 amor
575 2151 674 2184 meus,
948 2145 986 2177 In
1011 2153 1072 2185 quo
1097 2151 1202 2183 spero,
1228 2144 1339 2177 vivens
1366 2144 1472 2184 credo,

265 2191 362 2229 Quem
386 2191 555 2231 suspendii:
580 2190 628 2223 vir
650 2190 792 2224 Judaeus
949 2191 1156 2224 Gratulanter
1178 2190 1238 2224 tibi
1263 2200 1315 2224 me
1340 2192 1392 2233 do,

312 2238 350 2270 In
376 2240 479 2271 crucis
503 2238 666 2279 patibulo3
993 2240 1082 2272 Fons
1106 2239 1336 2280 beatitudinis3

267 2287 395 2326 Captus,
423 2288 536 2319 ductus
561 2289 594 2318 et
616 2286 743 2328 ligatus,
948 2286 1124 2320 Crucifixus
1147 2297 1206 2328 pro
1232 2297 1283 2320 me
1309 2288 1417 2329 doles,

263 2333 496 2377 Exprobratus,
522 2334 716 2375 vulneratus,
946 2335 1007 2375 Qui
1033 2336 1142 2368 dolere
1166 2345 1326 2376 nunquam
1352 2336 1448 2379 soles,

260 2381 445 2423 Lamianus,
470 2382 565 2414 morti
591 2382 683 2415 datus
946 2384 971 2416 Ο
997 2384 1144 2416 miranda
1168 2393 1262 2416 sacra
1283 2384 1393 2424 proles

311 2429 447 2462 Exstitit
469 2440 528 2470 pro
554 2430 684 2470 populo.
997 2431 1164 2464 Gloriosae
1187 2431 1339 2473 virginis,-
