1653 2668
744 131 1004 167 —176—

248 238 279 269 9.
307 235 441 275 Suscipi,
466 233 636 271 JohaanS,
662 230 730 261 sine
901 226 954 260 18.
982 226 1006 259 O
1032 225 1203 262 Ι101111111105,
1230 222 1284 263 qui
1307 219 1431 253 tinxisti

347 284 461 315 Preces
484 289 582 318 meas,
606 278 749 319 obsecro,
1031 272 1154 311 Corpus
1181 270 1301 304 Christi
1325 268 1462 300 nitidum

305 331 383 370 Quia
408 329 466 360 tibi
491 328 559 359 sine
586 325 650 357 finc
984 320 1029 352 Et
1053 328 1179 351 manum
1205 316 1385 357 imposuisti

356 377 475 415 Corpus
499 382 602 406 meum
628 378 786 403 consecro.
1033 367 1138 407 Super
1165 368 1261 406 caput
1286 363 1438 396 lucidum.

226 454 279 487 lo.
305 452 452 490 Jacotm,
478 448 630 481 Johannis
657 446 765 488 frater,
902 447 956 479 19.
983 444 1094 484 Tinge,
1119 444 1194 475 lava
1217 443 1355 473 mentem
1377 449 1481 472 meam

352 497 509 531 Zebedaei
531 494 626 535 filius,
1030 491 1082 523 Ab
1109 490 1193 523 omni
1219 489 1383 530 spurcitia,

305 546 354 578 Sit
377 544 468 577 istius
495 543 604 575 domus
628 543 720 582 pater
983 538 1030 572 Ut
1053 539 1187 571 laudare
1211 537 1312 569 Deum
1340 544 1452 577 queam

350 593 395 625 Et
419 593 523 622 custos
548 589 700 629 egregius,
1034 586 1111 619 Cum
1137 586 1221 618 omni
1246 584 1380 619 laetitia,

223 669 276 702 11.
303 668 480 708 Philippus,
506 666 628 705 lampas
653 664 770 705 lucida,
903 664 958 695 20.
985 663 1010 696 O
1035 662 1207 703 Jobannes,
1234 661 1287 701 qui
1313 659 1403 692 fuisti

349 713 588 747 Haereticorum
613 711 767 751 stimulus,
1031 710 1108 743 Jesu
1136 709 1255 742 Christi
1281 707 1441 748 praevius,

303 762 350 794 Sit
374 761 452 793 mihi
476 760 570 792 stella
594 758 717 799 fulgida
982 758 1027 790 Et
1051 757 1222 797 Johannes‚
1250 756 1303 796 qui
1328 754 1487 795 scripsisti

346 809 390 841 Et
413 808 585 848 gratiarum
612 807 762 838 cumulus.
1034 805 1156 838 Ceteris
1179 803 1356 844 sublimius,

224 885 278 917 12.
307 885 331 918 O
358 884 603 917 Bartholomaee
627 881 730 922 fortis,
903 882 959 915 21.
987 881 1172 914 Gubernate
1194 890 1253 912 nos
1277 880 1444 912 studenter

349 932 465 971 Magne
490 931 608 964 Christi
632 930 842 970 praedicator,
1033 930 1072 962 In
1096 929 1158 961 hoc
1181 928 1299 960 mundo
1324 927 1416 960 labili

307 980 413 1011 Trahe
435 986 487 1009 me
512 978 552 1010 de
576 978 677 1018 portis
701 978 823 1010 mortis,
988 977 1032 1009 Et
1055 979 1183 1017 portate
1207 985 1264 1008 nos
1289 976 1447 1008 laetanter

351 1026 396 1059 Ut
421 1026 481 1057 sim
508 1025 587 1057 coeli
611 1024 781 1058 habitator.
1034 1024 1073 1057 In
1097 1033 1195 1065 regno
1217 1023 1383 1056 laudabili.

223 1102 277 1135 13.
304 1102 328 1135 O
355 1102 502 1141 Thomas,
529 1101 680 1141 magister
706 1101 807 1143 docte,
904 1102 958 1134 22.
987 1101 1011 1134 O
1037 1100 1144 1132 Maria
1166 1100 1370 1142 Magdalena‚

350 1148 408 1189 Qui
432 1157 495 1180 non
524 1149 584 1180 cito
611 1148 785 1189 credidisti,
1033 1147 1203 1188 Speculum
1231 1148 1394 1190 ecclesiae,

305 1197 396 1228 Tolle
419 1204 470 1227 me
496 1196 535 1227 de
558 1194 656 1227 faecis
680 1198 783 1236 nocte,
983 1195 1052 1228 Fac
1076 1198 1111 1227 ut
1135 1204 1206 1227 mea
1230 1204 1319 1227 mens
1345 1195 1387 1227 sit
1412 1195 1508 1235 plena

353 1243 500 1276 Firmans
519 1243 618 1275 mein
636 1242 701 1275 fide
715 1242 842 1276 Christi.
1034 1243 1149 1276 Odoris
1176 1246 1209 1275 et
1232 1243 1364 1284 gratiae.

224 1320 278 1352 14.
301 1319 402 1352 Homo
427 1319 517 1359 lucis,
543 1328 560 1351 o
587 1319 717 1359 Jacobe,
902 1320 958 1353 23.
986 1319 1135 1362 Michael,
1163 1320 1216 1359 qui
1241 1319 1331 1359 pugil
1358 1318 1451 1351 fortis

350 1366 487 1407 Alphaei
513 1366 598 1398 clare
621 1365 677 1407 fili,
1035 1367 1162 1399 Diceris
1188 1369 1219 1398 et
1244 1367 1347 1399 vincis
1374 1366 1469 1407 bella,

305 1415 382 1454 Fac,
408 1416 444 1444 ut
466 1422 527 1445 non
553 1414 665 1453 loquar
688 1414 843 1456 improbe,
984 1415 1039 1447 Me
1066 1414 1170 1447 deduc
1193 1415 1228 1446 in
1254 1415 1334 1447 coeli
1358 1414 1469 1455 hortis,

353 1460 416 1495 Sed
442 1469 511 1492 cum
535 1462 628 1494 modo
654 1461 773 1495 subtili.
1034 1463 1081 1497 Ut
1106 1462 1241 1495 evadam
1264 1462 1377 1494 mortis
1403 1461 1489 1496 fella.

223 1537 278 1570 15.
306 1537 329 1570 O
355 1536 523 1569 Matthaee.
555 1538 692 1577 scriptor
716 1537 787 1575 Dei,
903 1541 958 1572 24.
986 1538 1129 1580 Gabriel,
1154 1539 1206 1579 qui
1231 1539 1334 1571 laetus
1359 1539 1449 1571 venis

352 1584 467 1617 Mundi
498 1585 551 1624 qui
577 1585 726 1625 sprevisti
751 1595 842 1626 vana,
1034 1587 1200 1620 Consolari
1224 1585 1359 1626 flebiles,

301 1632 380 1664 Esto
405 1640 525 1664 memor
549 1640 674 1672 semper
698 1633 757 1664 mei
986 1634 1066 1667 Esto
1090 1634 1169 1666 mihi
1198 1637 1302 1666 custos
1326 1634 1420 1676 lenis,

353 1680 460 1719 Atque
485 1682 620 1711 mentem
641 1689 743 1712 meam
760 1689 845 1713 sana.
1036 1682 1082 1715 Ut
1106 1682 1166 1714 sim
1191 1682 1275 1714 inter
1299 1682 1444 1715 humiles.

226 1755 278 1788 16.
304 1756 437 1788 Fratres
463 1755 570 1787 Simon
595 1758 627 1787 et
642 1756 845 1798 ThaddaeuS,
905 1760 960 1791 25.
985 1758 1141 1800 Raphael,
1169 1758 1223 1798 qui
1246 1758 1406 1791 medicina

352 1803 466 1835 Vestro
490 1803 648 1843 conjuncti
674 1804 808 1847 agmine,
1035 1805 1162 1837 Diceris
1188 1806 1355 1845 dominica,

308 1850 444 1892 Spiritus
469 1853 513 1890 ut,
539 1853 692 1894 prestent,
719 1861 807 1884 meus
988 1854 1105 1893 Plagas
1129 1862 1216 1886 meas
1240 1863 1335 1886 manu
1359 1854 1435 1888 bina

353 1899 402 1932 Sit
425 1899 458 1930 in
483 1907 620 1939 superno
647 1900 785 1932 cardine.
1037 1900 1159 1933 Sanans
1185 1910 1236 1933 me
1261 1901 1410 1936 laetifica.

225 1974 278 2007 17.
306 1975 330 2008 O
355 1974 502 2013 Matthia,
529 1978 615 2006 sorte
641 1976 733 2008 datus
907 1979 964 2010 26.
990 1977 1111 2018 Marce,
1138 1977 1184 2010 fili
1210 1979 1300 2010 Petri
1326 1979 1427 2020 ducis,

351 2022 480 2054 Domini
506 2023 712 2063 credentium,
1033 2025 1101 2057 Nos
1119 2026 1273 2067 alumnos,
1292 2036 1370 2067 quos
1391 2028 1533 2070 deducis,

304 2070 380 2109 Fac,
406 2072 441 2100 ut
465 2079 527 2101 non
553 2070 612 2102 sim
638 2071 802 2111 elongatus
984 2073 1100 2105 Redde
1124 2072 1223 2106 fortes
1249 2075 1339 2116 signo
1366 2076 1469 2108 crucis

350 2118 380 2149 A
407 2120 496 2149 coetu
521 2118 735 2158 gaudentium.
1034 2121 1080 2153 Et
1103 2125 1266 2155 consortes
1281 2133 1423 2156 summac
1441 2125 1532 2159 lucis.

619 2187 674 2221 27.
701 2186 725 2219 O
750 2186 866 2227 Lucas,
891 2187 971 2219 lucis
995 2189 1133 2228 portitor

744 2234 790 2266 Et:
813 2234 989 2267 animarum
1013 2237 1148 2279 medice,

701 2281 752 2313 Sis
777 2282 869 2314 nobis
893 2283 973 2315 lucis
994 2284 1116 2324 janitor

742 2330 788 2361 Et
812 2338 888 2362 cura
910 2340 968 2363 nos
992 2331 1135 2372 pacifice.

262 2430 275 2435 ..
301 2391 369 2419 Coa.
383 2392 506 2420 Miscell.
519 2394 653 2422 Patavin.
673 2395 723 2425 (ol.
740 2396 770 2423 S.
783 2396 930 2432 ι1115111100)
952 2395 1025 2426 1328
1045 2408 1121 2427 saec.
1137 2398 1212 2429 ¹⁴l15.
1231 2416 1268 2420 -—
1291 2400 1315 2435 1,
1336 2401 1355 2430 4
1374 2406 1535 2434 resuscitas

226 2431 323 2464 spater
342 2430 501 2466 korrigiert
518 2433 550 2459 111
570 2441 732 2462 succurras.
752 2450 789 2455 —-
809 2433 836 2469 7,
859 2433 873 2463 1
895 2435 920 2463 O
939 2436 1021 2465 fehlt.
1041 2452 1078 2458 —
1101 2436 1145 2473 14,
1170 2437 1185 2467 1
1207 2448 1224 2467 o
1245 2440 1327 2468 fehlt.
