1653 2668
710 138 974 175 —123—

178 234 235 268 80.
263 231 371 274 Salve,
398 235 542 269 solamen
566 237 739 281 hominum,

311 282 416 322 Salve,
443 285 563 317 munda
588 285 683 318 stella
701 286 809 325 maris,

262 330 369 370 Salve,
396 333 565 373 purgatrix
592 333 769 374 criminum,

309 379 416 420 Salve,
440 380 531 422 virgo
557 381 739 423 singularis,

262 427 430 460 Consortio
455 437 567 461 carens
591 429 690 461 maris

310 474 470 517 Concipis‚
496 477 585 517 paris
610 476 793 519 Dominum,

261 523 311 556 Tu
336 523 420 564 lapis
447 533 480 556 es
507 525 680 566 angularis,

309 572 397 612 Quae
418 572 475 605 das
493 571 603 614 figuris
620 574 802 607 terminum.

871 239 927 271 82.
953 234 1021 272 Ubi
1045 246 1181 279 namque
1205 236 1407 269 sanctissima

1005 286 1097 327 Caro,
1124 294 1218 327 quam
1240 285 1302 317 Dci
1326 283 1411 316 filius

955 334 1098 375 Sumpsit
1122 343 1162 366 ex
1186 336 1228 374 te,
1254 332 1474 372 mundissima,

1001 382 1241 416 Inthronizatur
1267 380 1391 422 celsius,

954 429 1077 463 Creatis
1102 429 1279 472 gloriosius,

1003 478 1097 511 Ratio
1124 478 1191 511 vult
1218 476 1396 509 certissima

957 526 1039 558 Esse
1062 529 1095 558 te
1115 535 1180 558 non
1204 525 1338 557 inferius

1007 575 1067 608 Vel
1089 573 1167 607 sede
1192 574 1292 615 magis
1317 571 1437 605 infima.

179 647 235 683 81.
263 646 313 683 Tu
339 657 439 689 supra
466 650 547 682 coeli
572 649 686 682 solium
872 652 928 685 83.
954 648 1007 685 Ibi
1032 654 1134 684 mater
1160 659 1231 682 cum
1257 649 1322 683 filio

307 696 363 730 Ad
391 697 537 730 dextram
562 698 625 730 Dei
650 698 754 739 sedes,
1004 699 1133 732 Gaudes
1160 699 1290 731 coelesti
1314 698 1422 739 patria

261 746 361 779 Juxta
385 745 555 786 proprium
579 744 680 779 filiurn

311 792 400 825 Coeli
426 794 538 834 regina
562 794 739 835 praesides,

261 839 462 874 Confirmans
487 844 609 874 mentes
637 842 775 884 desides,

309 888 484 922 Praestans
511 890 556 922 eis
582 890 734 923 auxilium

260 938 305 970 Et
331 937 395 970 tuis
420 938 522 971 servis
547 938 700 979 provides

309 985 520 1025 Impetrando
545 986 735 1019 subsidium.

956 747 1124 780 Trinitatis
1151 747 1311 779 consortio

1004 795 1120 828 Creata
1144 804 1241 835 super
1267 794 1389 836 omnia;

955 843 1025 875 Tua
1049 844 1187 885 benigna
1211 844 1316 884 gratia

1000 891 1180 924 Felicitatis
1206 891 1322 932 gaudio

956 938 1024 971 Nos
1050 941 1180 972 coronet
1206 942 1237 971 ct
1262 939 1364 980 gloria

1000 987 1236 1027 Beatorumquc
1259 987 1413 1027 praemio.

255 1061 335 1090 Orat.
357 1070 410 1090 ms.
434 1061 591 1091 Coelest'm.
613 1070 689 1090 saec.
711 1060 756 1090 15.
797 1062 867 1091 God.
887 1063 1032 1091 Parisien.
1054 1060 1163 1091 18571.

657 1194 705 1226 95.
747 1194 790 1226 De
809 1194 846 1226 M.
871 1193 973 1226 Maria
992 1194 1028 1226 V.

275 1285 306 1318 1.
335 1284 419 1324 Quot
443 1285 609 1317 volucrum
634 1293 769 1326 pennae,
796 1288 874 1326 quot
898 1287 973 1317 sunt
996 1294 1094 1326 super
1118 1284 1250 1318 aethera
1273 1286 1397 1329 stellae,

332 1332 416 1372 Quot
439 1331 531 1365 fluvii
554 1334 672 1374 pisces,
698 1334 845 1366 volucres
871 1335 948 1373 quot
973 1334 1053 1366 coeli
1076 1334 1176 1366 habet
1200 1343 1303 1375 arcus.

333 1381 417 1420 Quot
443 1379 538 1413 flores
564 1381 651 1422 prati
677 1383 709 1413 et
735 1384 811 1422 quot
835 1384 908 1414 sunt
934 1382 1078 1422 gramina
1103 1382 1217 1422 campi,

332 1429 416 1468 Quot
439 1429 572 1469 glandes
598 1438 745 1470 quercus,
772 1433 848 1470 quot
871 1432 976 1470 gestat
1000 1430 1122 1462 semina
1146 1430 1253 1471 tellus,

273 1479 305 1512 5.
334 1477 416 1518 Quot
440 1476 572 1510 frondes
598 1477 709 1519 silvae,
736 1480 814 1518 quot
838 1477 963 1510 stillant
987 1478 1061 1518 igne
1086 1477 1227 1518 favillac,

333 1525 417 1564 Quot
440 1526 552 1558 mundi
578 1525 694 1566 fontes,
722 1529 799 1566 quot
823 1525 966 1558 continet
989 1526 1082 1559 arida
1105 1528 1239 1566 montes,

331 1574 416 1614 Quot
439 1574 563 1614 species
589 1582 696 1606 rerum
722 1576 799 1614 quot
823 1575 897 1606 sunt
920 1577 1081 1606 momenta
1106 1575 1246 1607 dierum:

333 1622 397 1654 Tot
420 1621 491 1660 tibi,
518 1624 630 1655 sancta
656 1621 708 1654 dei
733 1622 881 1663 genitrix,
908 1630 993 1654 nunc
1019 1622 1090 1655 dico
1115 1622 1245 1663 salutes,

273 1672 303 1704 9.
330 1669 529 1710 Suppliciter
553 1669 707 1711 rogitans,
733 1669 793 1702 filii
817 1670 896 1702 mihi
919 1670 1041 1711 stringe
1066 1669 1217 1703 furorem.

253 1746 323 1775 God.
339 1746 368 1774 S.
383 1747 517 1775 Floriani
529 1747 574 1775 XI
590 1743 654 1775 196.
669 1755 744 1775 saec.
763 1745 806 1775 16.
819 1746 853 1775 Α.
868 1761 905 1766 —
921 1746 990 1775 Cod.
1002 1746 1031 1774 S.
1043 1747 1124 1775 Petri
1136 1745 1202 1776 Salii
1216 1747 1337 1785 burgen.
1349 1750 1377 1778 b.
1388 1749 1447 1778 VII
1460 1747 1502 1777 10.

175 1786 245 1813 anni
269 1783 352 1815 1470.
373 1786 408 1813 B.
428 1801 466 1805 ὼ
487 1783 514 1814 3.
542 1787 612 1814 sunt
636 1785 711 1813 fehlt
730 1785 790 1814 AB.
810 1801 848 1805 —
869 1783 896 1813 5.
918 1786 1027 1820 silvae,
1056 1785 1202 1814 scintillas
1224 1789 1296 1822 quot
1315 1788 1406 1816 habnt
1425 1788 1503 1823 ignis

175 1824 212 1850 A.
233 1839 271 1843 —-
291 1824 318 1852 7.
348 1826 418 1852 sunt
440 1826 557 1853 minuta
580 1824 693 1853 dierum
713 1824 748 1853 A.
768 1840 808 1845 —
827 1824 912 1854 Nach
931 1823 949 1851 7
970 1824 1097 1853 schaltet
1114 1825 1139 1853 B
1160 1833 1220 1852 em:
1248 1825 1334 1854 Mille
1354 1826 1497 1855 duodenae

175 1865 205 1890 et
224 1866 297 1900 quot
315 1871 397 1891 mare
410 1863 487 1891 fudit
499 1864 628 1892 barinas.
647 1878 684 1882 —
698 1860 725 1891 8.
739 1864 877 1892 Totidem
892 1865 921 1891 et
934 1863 1034 1900 plures
1048 1864 1105 1892 tibi
1118 1863 1225 1891 mando
1243 1865 1327 1901 virgo
1343 1865 1443 1894 salute:
1469 1865 1502 1893 B.

663 1996 709 2028 96.
748 1997 793 2028 Dc
813 1997 845 2028 B.
865 1994 967 2029 Maria
987 1996 1024 2028 V.

338 2086 369 2121 1.
397 2087 479 2126 Quot
505 2088 628 2122 coelum
652 2088 773 2129 stellas,
800 2088 919 2121 retinet
944 2090 1020 2128 quot
1044 2090 1132 2121 terra
1156 2088 1297 2131 lapillos,

398 2135 481 2175 Quot
505 2137 605 2169 saltus
631 2146 748 2178 ramos,
774 2135 864 2179 folia,
891 2139 968 2177 quot
991 2139 1108 2176 pontus
1134 2145 1260 2178 arenas,

399 2184 481 2225 Quot
504 2185 635 2225 pluviae
658 2185 773 2229 stillas,
801 2190 879 2227 quot
904 2183 1044 2218 fundunt
1067 2186 1178 2219 nubila
1202 2188 1318 2229 guttas,

398 2233 481 2272 Quot
505 2231 594 2266 fluvii
617 2233 733 2276 pisces,
761 2237 839 2275 quot
863 2236 938 2267 sunt
960 2233 995 2266 in
1019 2234 1097 2267 orbe
1120 2234 1278 2279 volucres,

337 2282 368 2315 5.
395 2280 478 2320 Quot
502 2280 598 2314 flores
622 2282 711 2322 prati
735 2285 767 2315 et
792 2286 870 2324 quot
894 2284 968 2314 sunt
991 2283 1136 2324 gramina
1162 2284 1284 2325 campi:

396 2330 469 2371 Tot,
496 2330 587 2371 virgo
612 2330 707 2364 beata
729 2341 834 2373 pango
860 2330 920 2364 tibi
944 2331 1077 2364 laudum
1102 2333 1233 2373 salutes,

397 2378 443 2411 At
468 2381 502 2411 tu
527 2388 579 2412 me
603 2379 736 2413 subleva
760 2381 857 2424 mitis,
885 2389 979 2421 quem
1003 2384 1155 2421 premunt
1176 2390 1320 2423 angores,

254 2455 323 2485 Cod.
336 2456 366 2485 S.
377 2456 463 2485 Petri
472 2455 676 2494 Salisburgen.
691 2458 709 2486 b
720 2458 779 2487 VH
795 2456 838 2487 10.
854 2459 925 2487 anni
944 2456 1026 2487 1470.
1041 2474 1077 2479 ——
1095 2456 1119 2487 1.
1135 2461 1239 2487 terrae.
1251 2475 1289 2480 —-
1303 2458 1330 2488 5.
1339 2463 1409 2489 sunt
1420 2460 1502 2489 fehlt.
