1653 2668
703 157 966 193 *165—

166 253 223 287 41.
249 254 318 287 Deo
345 262 474 286 carnem
499 253 647 295 offerens,

299 303 408 343 Agnes
435 301 506 335 dire
531 304 627 343 torta,

250 349 335 382 Dum
359 349 485 389 spernis
511 350 703 391 conjugium,

301 397 428 430 duceris
453 397 495 430 ad
520 400 639 442 scorta,

250 446 316 485 Quo
340 446 397 478 lux
421 454 539 478 necans
562 445 679 487 impios

296 493 430 526 coelitus
456 496 506 525 est
529 496 609 538 orta,

250 541 327 584 Fac,
352 541 396 574 sit
418 540 512 574 nobis
536 543 649 582 patula

294 589 362 629 jam
388 590 536 622 coelestis
561 593 668 629 porta.

166 666 224 699 42.
253 666 278 698 Ο
303 668 417 698 sancta
442 664 592 707 Caecilia⁷

298 711 382 745 facie
407 716 553 757 venusta,

253 760 318 793 Sed
343 760 409 794 fide
433 761 607 802 venustior,

297 808 432 850 Mundo,
458 809 527 842 Deo
549 809 646 851 justa,

251 857 343 897 Quod
367 858 502 898 uterque
526 857 609 897 petit
636 857 726 900 dans,

297 913 358 944 pro
382 904 584 946 supplicibus
608 908 660 938 sta

252 951 365 993 Nobis,
392 961 433 984 ne
457 961 515 985 nos
540 955 656 985 noceat

299 999 446 1033 barathri
469 1000 603 1033 locusta.

169 1077 226 1109 43.
254 1076 415 1109 sectatrix
437 1076 615 1109 munditiae

300 1124 459 1165 virginum
485 1126 624 1164 caterva,

253 1173 346 1213 Agno
370 1172 441 1204 sine
463 1172 590 1204 macula

299 1228 412 1259 preces
439 1228 594 1253 coacerva

250 1267 297 1300 Et
317 1268 469 1300 virtutem
494 1267 602 1301 zabuli

297 1315 447 1355 precibus
473 1324 602 1356 enerva,

252 1363 304 1395 Ne
327 1373 386 1396 nos
410 1364 603 1396 truculentia

302 1410 461 1451 deprimat
485 1414 648 1451 proterva.

167 1488 225 1521 44.
252 1488 278 1520 Ο
303 1490 470 1520 matronae
493 1487 628 1527 nobiles,

301 1536 462 1568 coelorum
486 1538 668 1568 matronam

251 1583 432 1615 Exorantes
457 1583 559 1624 petite

297 1631 365 1670 jam
387 1640 450 1671 per
470 1634 609 1663 mentem
636 1630 764 1670 bonam,

252 1679 298 1712 Ut
320 1688 381 1719 per
406 1688 475 1712 eam
499 1678 655 1712 Dominus

297 1726 352 1759 det
374 1727 467 1760 nobis
493 1736 661 1769 annonam,

249 1776 289 1808 In
315 1775 413 1808 coelis
438 1775 611 1809 restituens

299 1824 482 1864 centuplam
507 1832 667 1856 coronam.

859 257 917 291 45.

859 667 915 700 46.

856 1076 914 1110 47.

857 1489 914 1521 48.

943 256 968 288 Ο
995 255 1121 297 puellae
1147 254 1285 296 nubiles,

991 312 1009 336 0
1034 312 1090 336 vos
1115 301 1298 343 defloratae,

940 351 1082 384 Matrem
1105 350 1169 382 Dei
1191 351 1304 391 petite,

989 398 1203 439 Magdalenae
1220 399 1294 431 date

940 447 1068 488 Preces,
1092 448 1131 478 ut
1153 446 1197 479 ad
1220 446 1393 480 Dominum

990 494 1120 535 plenum
1145 495 1266 535 pietate

941 543 1104 576 Instantes
1126 551 1186 582 pro
1210 542 1304 575 nobis
1326 542 1393 574 sint

989 591 1022 622 in
1048 590 1248 623 necessitate.

943 666 968 699 Ο
994 675 1050 698 vos
1075 675 1185 699 omnes
1212 666 1350 699 coelibes

990 714 1112 748 Christi
1135 714 1303 755 speciales,

942 762 1007 794 Vos
1032 763 1168 803 pulsate,
1194 763 1332 802 petimus

989 811 1094 842 Aures
1119 809 1287 851 divinaies,

942 857 988 890 Ut
1011 857 1102 898 regni
1126 858 1303 898 participes

989 905 1088 937 simus
1111 915 1171 938 nos
1195 906 1334 948 sodaleS,

941 952 992 985 Ne
1015 962 1073 985 nos
1098 954 1228 985 tandem
1253 956 1397 986 terreant

988 1002 1099 1033 larvae
1123 1001 1285 1042 stygiales.

940 1076 965 1109 Ο
991 1076 1080 1110 Deus
1105 1078 1315 1117 omnipotens,

990 1134 1010 1157 a
1034 1133 1095 1164 quo
1123 1127 1236 1157 cuncta
1261 1126 1348 1157 cerni

938 1171 1070 1204 Constat
1095 1174 1137 1215 et,
1163 1174 1333 1212 antequam
1357 1175 1442 1214 sunt,

988 1219 1079 1253 ideas
1106 1220 1256 1263 discerni,

938 1268 1063 1308 Amnis,
1087 1268 1182 1309 ignis,
1209 1268 1304 1310 aeris,

989 1315 1125 1355 telluris,
1152 1315 1279 1359 falerni,

940 1362 1042 1396 Serva
1066 1366 1138 1396 tuos
1164 1362 1301 1396 famulos

987 1410 1027 1444 ab
1053 1411 1165 1443 imbris
1190 1411 1341 1444 Arverni.

941 1488 1014 1520 Jam
1039 1487 1142 1519 lector
1166 1487 1370 1527 amplecteris

988 1534 1085 1567 finem
1108 1535 1257 1575 letaniae,

938 1582 1036 1615 Dicas
1060 1583 1107 1615 sic
1131 1583 1173 1615 ad
1197 1581 1369 1615 Dominum

986 1633 1061 1664 voto
1085 1631 1202 1663 mentis
1225 1630 1317 1671 piae:

940 1678 1007 1711 Nos
1029 1680 1062 1710 et
1077 1679 1170 1721 hunc,
1198 1679 1252 1719 qui
1268 1678 1399 1718 scripsit
1415 1679 1486 1719 hoc,

988 1726 1098 1759 unicus
1122 1726 1249 1760 Mariae

939 1772 1044 1807 Filius
1070 1775 1231 1808 custodiat

989 1823 1022 1855 in
1047 1831 1197 1864 suprema
1222 1823 1288 1857 die.

243 1889 314 1918 Coti.
337 1889 482 1918 Oxonien.
502 1889 645 1918 Rawlins.
666 1889 699 1917 O.
724 1886 791 1918 510.
817 1896 893 1917 saec.
923 1886 967 1917 13.
994 1905 1031 1909 —-
1062 1886 1114 1923 28,
1140 1887 1160 1916 4
1179 1890 1247 1917 Lies
1270 1889 1416 1917 Carneum
1440 1891 1487 1917 in-

165 1930 271 1957 coma‘?
292 1928 362 1957 oder
382 1930 533 1957 cerebrum
552 1930 585 1957 111
598 1929 703 1956 coma?
725 1927 795 1957 oder
810 1936 945 1956 carneam
961 1928 994 1955 in
1008 1929 1110 1956 coma?
1124 1941 1162 1946 —
1177 1927 1252 1956 Dass
1273 1928 1354 1956 diese
1367 1928 1487 1957 Litanei

164 1976 224 1996 von
238 1969 335 1997 einem
349 1967 520 2004 englischen
532 1967 657 1996 Dichter
670 1966 815 2001 herriihrt,
837 1965 962 1996 braueht
973 1965 1052 1995 wohl
1067 1965 1151 1994 nicht
1162 1967 1297 1996 bemerkt
1308 1976 1347 1995 zu
1361 1967 1486 1995 werden.

595 2109 652 2143 131.
691 2110 735 2142 De
757 2109 904 2142 Omnibus
924 2108 1058 2142 Sanctis.

165 2214 196 2247 1.
223 2212 305 2254 Ave,
331 2220 456 2243 summa
479 2210 617 2251 trinitas,

222 2259 335 2293 Omnis
359 2269 419 2301 per
442 2261 476 2291 te
499 2258 654 2291 sanctitas

272 2307 356 2341 Mihi
379 2308 561 2349 Largiatur,

223 2359 304 2399 Ave,
333 2357 422 2399 virgo
447 2356 616 2399 virginum,

221 2407 252 2438 A
277 2414 329 2438 me
353 2415 413 2446 per
437 2407 470 2437 te
494 2403 661 2436 criminum

270 2455 374 2495 Culpa
399 2454 556 2487 deleatur.

920 2209 1030 2243 Virtus
1054 2209 1134 2242 mihi
1157 2210 1309 2251 Michae1‚

918 2257 1052 2291 Gabriel
1076 2261 1110 2290 et
1132 2257 1290 2300 Raphaet

952 2305 1017 2338 Per
1037 2315 1093 2339 vos
1120 2305 1287 2348 dirigatur,

915 2356 981 2388 Per
1006 2357 1199 2396 cunctosque
1223 2356 1355 2396 spiritus

915 2402 1017 2436 Divos
1041 2404 1121 2436 mihi
1146 2403 1278 2437 coelitus

965 2451 1058 2484 Salus
1084 2456 1247 2493 augeatur.
