1653 2668
726 120 989 154 —222—

203 213 256 248 13.
286 214 390 257 Salve,
416 215 517 255 virgo,
544 225 625 256 quae
651 215 781 248 devotos
892 217 945 250 14.
972 216 1076 255 Salve,
1104 217 1203 257 virgo,
1225 226 1301 249 vere
1326 218 1431 259 digna,

284 263 368 295 Tuos
394 262 492 294 habes
517 263 599 296 bene
622 266 724 303 notos,
971 263 1055 295 Vere
1080 263 1182 296 dulcis
1207 266 1240 295 et
1261 265 1409 305 benigna,

285 310 344 343 llis
370 319 558 343 succurrens
583 312 615 344 in
640 319 781 353 necesse,
970 311 1118 344 Pretiosa
1139 320 1257 351 sponsa
1280 312 1351 352 Dei,

286 358 418 397 Quando
445 359 547 391 cernis
571 369 651 401 opus
678 368 757 393 esse.
969 359 1136 401 Miserere,
1163 367 1289 400 quaeso,
1314 360 1387 392 mei.

591 418 645 451 15.
675 416 780 460 Salve,
806 420 930 458 martyr
952 416 1148 457 Margareta,

674 464 750 508 Fac,
777 468 814 497 ut
836 466 914 497 mihi
938 465 1003 497 sint
1028 464 1136 497 deleta

673 513 717 545 Et
740 516 847 545 reatus
874 516 905 545 et
932 512 1050 546 delicta

675 561 738 593 Per
763 564 804 603 te,
831 561 920 602 virgo
944 560 1125 593 benedicta.

280 626 348 654 Coa.
369 627 535 655 Bruxellen.
557 628 588 656 ΙΙ
612 625 684 656 1069
704 626 908 664 (oh-Philipps
930 625 1017 660 4649)
1036 635 1112 655 saec.
1136 625 1179 655 13.

606 758 674 791 203.
714 758 758 790 De
778 760 889 791 saneta
911 759 1105 799 margareta.

207 846 236 878 1.
263 845 448 887 Margareta
471 846 597 888 nobilis,
891 851 922 882 4.
949 848 1123 880 Aureolam
1147 848 1291 890 geminae

311 893 441 926 Gemma
465 894 616 936 virtuosa,
997 896 1133 928 Portans
1156 896 1346 937 sanctitatis,

266 940 348 973 Fide
372 944 459 973 stans
482 942 663 980 immobilis,
948 943 1142 984 Martyrium
1167 943 1305 976 feminae

310 988 407 1021 Facie
431 987 579 1022 formosa.
994 991 1040 1023 Et
1064 991 1266 1032 virginitatis.

205 1046 236 1078 2.
265 1045 362 1086 Virgo
387 1046 452 1086 pia,
477 1049 588 1078 tenera
889 1051 920 1082 5.
947 1048 1034 1088 Ergo
1061 1057 1130 1080 cum
1155 1049 1199 1081 sis
1223 1049 1346 1081 meritis

315 1093 419 1126 Carne
443 1093 591 1136 delicata,
994 1095 1095 1128 Dives
1120 1099 1153 1128 et.
1175 1097 1354 1140 praeclara,

265 1140 318 1171 Ad
344 1140 448 1172 omnia
471 1149 587 1180 genera
948 1142 1050 1175 Nobis
1073 1144 1135 1176 tuis
1161 1143 1289 1176 famulis

313 1188 490 1219 Poenarum
513 1192 636 1228 parata.
995 1190 1115 1224 Locum
1139 1192 1228 1232 pacis
1253 1201 1343 1231 para.

205 1244 236 1276 3.
264 1243 310 1276 Ob
336 1252 474 1276 amorem
498 1244 636 1286 Domini,
890 1250 920 1282 6.
948 1248 993 1281 Ut
1016 1257 1055 1281 ex
1081 1249 1141 1281 hae
1162 1249 1292 1282 miseria

311 1291 425 1331 Sponsi
448 1293 493 1324 tui
521 1292 648 1334 Christi,
992 1295 1086 1328 Laeti
1109 1299 1308 1330 transeamus

261 1339 299 1371 In
324 1340 467 1380 mortem,
493 1340 527 1371 in
553 1349 709 1374 carcerem
946 1343 988 1375 Et
1013 1353 1119 1376 secum
1143 1345 1177 1377 in
1201 1345 1309 1385 patria

311 1387 358 1418 Te
380 1387 482 1427 ipsam
508 1388 636 1430 dedisti,
996 1391 1127 1432 Semper
1151 1393 1355 1434 gaudeamus

543 1446 573 1479 7.
600 1445 752 1478 Audituri
773 1447 929 1487 virginum

645 1493 748 1526 Dulce
768 1494 944 1534 Jubilamen

598 1541 643 1573 Et
667 1544 806 1573 vestrum
832 1543 873 1575 ad
900 1543 1058 1576 canticum

646 1589 861 1628 Responsuri:
888 1592 1000 1625 Amen.

278 1650 359 1680 Orat.
378 1660 432 1680 mS.
453 1661 528 1681 saec.
552 1652 596 1682 15.
617 1654 687 1683 Coti.
708 1654 859 1684 Colonien.
880 1656 907 1684 7.

586 1786 654 1818 204.
694 1786 737 1818 De
757 1796 780 1819 s.
801 1788 901 1821 Maria
922 1789 1118 1830 Magdalena.

228 1872 258 1905 1.
285 1873 309 1906 O
335 1874 478 1913 piissima
501 1878 674 1916 peccatrix.
966 1881 1180 1922 Tergeretque
1205 1886 1275 1915 tuas
1300 1884 1411 1916 sordes

285 1920 407 1954 Pedum
429 1922 559 1955 Domini
581 1925 729 1968 lavatrix,
963 1928 1079 1961 Manus
1103 1939 1163 1970 per
1186 1930 1421 1966 misericordes.

285 1968 358 2000 Non
385 1969 424 2002 de
449 1969 589 2004 fontibus
615 1982 775 2016 aquarum,
884 1978 938 2011 15.
967 1976 991 2008 O
1017 1977 1159 2011 solamen
1183 1982 1397 2023 peccatorum,

287 2015 349 2049 Sed
376 2018 415 2049 ‹le
439 2019 536 2058 guttis
560 2020 772 2065 lacrimarum,
967 2023 1063 2057 Certa
1086 2035 1160 2066 spes
1187 2036 1401 2069 erraneorum,

227 2063 256 2095 5.
283 2063 328 2097 Ut
351 2067 384 2096 te
406 2066 513 2098 multis
538 2076 557 2099 a
580 2069 721 2108 peccatis
964 2072 1050 2112 Quae
1074 2078 1268 2116 unguentum
1292 2076 1467 2116 pretiosum

284 2111 369 2144 Fons
395 2112 518 2145 lavaret
541 2116 679 2155 pietatis.
965 2120 1068 2161 Super
1094 2132 1200 2164 regem
1226 2124 1398 2164 gloriosum

284 2158 307 2191 O
332 2160 530 2199 praeclarum
554 2162 615 2195 Dei
637 2165 798 2204 templum.
962 2169 1002 2201 In
1027 2171 1152 2211 tugurio
1177 2172 1298 2212 leprosi

285 2206 514 2240 Poenitentium
539 2213 726 2252 exemplum,
882 2217 936 2249 20.
962 2216 1087 2250 Sanctis
1106 2220 1251 2252 manibus
1276 2218 1400 2262 fudisti,

284 2253 368 2292 Quae
392 2256 501 2289 beatos
523 2259 622 2298 pedes
649 2259 767 2293 Christi
962 2265 1008 2298 Ut
1032 2264 1148 2299 foetori
1172 2270 1246 2301 tuae
1267 2269 1383 2301 mentis

202 2300 256 2333 10.
283 2300 406 2336 Sanctis
431 2304 569 2338 crinibus
595 2308 725 2348 tersisti,
961 2313 1068 2346 Bonus
1094 2315 1174 2349 odor
1198 2316 1412 2350 recumbentis

282 2348 325 2381 Ut
350 2352 556 2385 meretricalis
580 2364 654 2388 usus
964 2361 1083 2394 Christi
1106 2373 1166 2403 per
1189 2365 1273 2397 hanc
1296 2366 1477 2398 unctionem

281 2396 310 2428 A
336 2400 368 2430 te
390 2397 482 2432 fieret
506 2403 661 2447 exclusus,
961 2409 1097 2443 Faceret
1122 2412 1341 2453 abjectionem.
