1653 2668
194 439 248 472 25.

194 680 249 712 30.

195 919 251 953 35.

195 1159 251 1193 40.

194 1398 251 1432 45.

195 1639 251 1673 50.

196 1880 251 1914 55.

196 2122 250 2156 60.

194 2365 249 2399 65.

260 246 395 279 Aeterni
422 247 525 286 patris
551 244 646 290 filius,

261 294 374 335 Magni
399 294 526 326 consilii
549 296 692 336 angelus,

262 342 398 375 Sanctus
422 342 601 382 procedens
627 343 758 384 spiritus

261 390 314 423 Ab
339 392 475 430 utroque
499 391 685 432 paraclituS‚

263 438 373 472 Patris
398 438 529 479 natique
554 439 697 480 spiritus,

263 485 381 518 Trinus
406 495 488 519 unus
514 486 697 528 altissimus,

262 534 413 567 Emunda
440 543 492 566 me
516 544 536 567 a
560 534 709 567 sordibus

262 582 308 614 Et
332 591 352 614 a
379 582 498 615 cunctis
524 582 708 616 criminibus

262 630 310 663 Et
333 630 373 662 ab
397 630 630 670 iniquitatibus.

265 677 386 711 Libera
409 687 461 710 me
485 678 644 719 propitius

263 727 295 759 A
321 726 581 759 tribulationibus

265 774 312 808 Et
335 783 355 806 a
381 774 503 806 cunctis
530 774 693 807 doloribus

264 822 309 855 Et
333 821 373 854 ab
399 820 639 855 infirmitatibus

263 870 309 903 Et
333 870 374 902 de
396 870 643 903 necessitatibus

265 918 353 951 Erue
377 927 429 950 me
450 917 619 958 propitius.

314 966 462 999 Clemens
487 968 612 998 creator
636 966 756 1008 Eloi,

266 1015 314 1047 Te
337 1016 479 1046 tremunt
503 1023 612 1046 omnes
637 1015 753 1056 angeli,

266 1063 416 1095 Aderant
441 1064 473 1093 et
497 1061 692 1103 archangeli.

266 1109 409 1143 Verbum
434 1110 536 1149 patris
560 1109 705 1150 ingeniti,

266 1158 315 1190 Tu
339 1157 417 1190 theu
441 1157 482 1189 ho
507 1157 684 1198 monogeni‚

266 1205 366 1239 Panis
392 1208 424 1238 et
448 1205 515 1238 vita
539 1206 669 1238 saeculi.

267 1254 317 1286 Tu
343 1253 459 1294 digitus
487 1254 619 1286 dextrae
637 1253 709 1294 Dei,

266 1301 395 1334 Donum
419 1301 482 1334 Dei
505 1301 664 1341 altissimi,

267 1349 362 1382 Ruha
386 1349 489 1390 patris
515 1352 547 1381 et
571 1348 640 1391 filii,

266 1397 384 1430 Trinus
409 1406 500 1440 unus,
526 1405 648 1430 memor
671 1398 734 1430 mei

268 1445 320 1477 Sis
346 1447 378 1476 et
400 1445 488 1477 Deus
513 1445 624 1477 auxilii

266 1493 376 1533 Atque
401 1493 512 1526 domus
538 1491 664 1534 refugii,

266 1542 358 1574 Inter
380 1541 541 1581 procellas
567 1541 697 1582 saeculi,

266 1588 401 1621 Fluctus
428 1588 522 1628 hujus
549 1589 663 1630 exsilii,

264 1637 350 1670 Mihi
372 1637 496 1670 labanti
520 1636 665 1672 subveni.

315 1684 340 1718 O
366 1684 487 1725 Eloe,
514 1685 606 1717 theos
636 1683 738 1725 fobos,

266 1733 356 1766 Deus
382 1732 505 1765 timoris
530 1732 687 1773 ischyros,

266 1781 448 1820 Anastasis,
475 1781 652 1814 athanatos.

266 1828 409 1863 Verbum
433 1829 546 1871 patris,
572 1830 703 1869 veritas,
729 1838 775 1874 os,

264 1879 316 1911 Tu
341 1877 529 1910 destruxisti
554 1878 683 1918 angelos

265 1927 317 1959 De
342 1926 439 1958 coelis
466 1926 670 1966 apostaticos,

265 1974 404 2016 Spiritus
428 1976 558 2007 sanctus
583 1983 601 2006 o
627 1974 730 2017 theos,

267 2023 446 2065 Spiramen,
473 2031 609 2065 sacrum,
629 2023 747 2064 lumen,
765 2021 825 2062 fos,

266 2071 370 2112 Super
394 2079 492 2112 aquas
516 2071 647 2104 Domini
672 2080 745 2105 vox.

266 2120 383 2153 Trinus
408 2128 488 2152 unus
512 2119 675 2161 piissimos

265 2169 351 2201 Tuos
376 2176 474 2209 super
499 2178 551 2201 me
575 2169 694 2208 0011103,

265 2217 348 2257 Rex,
375 2216 467 2257 aperi
493 2217 704 2251 dulcissimos,

266 2266 315 2298 Tu
339 2265 433 2297 mitte
457 2268 584 2299 sanctos
609 2265 751 2308 angelos,

264 2314 433 2347 Ministros
458 2315 530 2347 tuos
554 2313 693 2355 inclitos,

264 2362 372 2397 Hodie
395 2362 476 2395 mihi
499 2362 612 2404 socios,

263 2412 441 2453 Adjutores
468 2409 659 2444 fortissimos

262 2460 309 2494 Et
334 2461 482 2494 custodes
507 2459 679 2494 fidissimos

829 149 872 185 13

971 246 1129 280 Ductores
1155 248 1250 286 atque
1273 244 1432 286 praevios,

971 294 1090 327 Hostes
1113 293 1275 334 repellant
1298 293 1425 334 impios,

900 344 954 377 70.
969 342 1140 383 Superbos,
1166 350 1249 384 reos,
1274 341 1396 379 noxios.

906 584 961 617 75.

907 824 962 857 80.

907 1064 961 1097 85.

907 1304 964 1338 90.

908 1543 964 1576 95.

885 1783 965 1816 100.

886 2024 966 2059 105.

886 2266 965 2301 110.

1021 391 1082 430 Qui
1099 389 1221 431 creasti,
1242 398 1300 422 rex
1319 388 1504 429 Sabaoth,

976 438 1097 472 Cuncta
1122 437 1215 471 simul
1240 446 1278 469 ex
1304 437 1414 478 nihilo,

974 486 1024 519 Tu
1049 496 1082 519 es
1108 487 1194 519 Deus
1218 486 1316 525 alpha
1341 488 1373 517 et
1397 495 1425 519 0.

975 534 1062 576 Jesu‚
1087 537 1198 567 nostra
1220 533 1410 576 redemptio,

976 582 1052 615 Vita
1077 585 1109 615 et
1133 582 1334 625 resurrectio,

976 631 1080 675 Salus,
1106 640 1205 673 amor,
1232 628 1387 670 defensio,

976 679 1025 712 Tu
1051 679 1215 711 criminum
1237 677 1392 718 remissio,

975 727 1006 760 A
1031 730 1124 768 patre
1149 729 1181 758 et
1202 735 1222 759 a
1244 724 1310 758 filio

976 774 1022 808 Es
1047 774 1203 816 spiritalis
1228 774 1348 806 unctio.

977 822 1094 856 Trinus
1119 832 1210 863 unus,
1236 823 1270 853 te
1294 822 1437 864 obsecro,

977 870 1028 904 Sis
1042 870 1132 903 ‘mihi
1156 872 1192 901 111
1215 869 1372 909 protectio

976 918 1085 959 Atque
1108 917 1201 950 firma
1225 916 1377 957 defensio,

977 966 1029 999 Sis
1052 967 1109 1007 pia
1132 965 1318 1006 consolatio,

982 1014 1033 1048 Sis
1060 1014 1225 1046 criminum
1248 1012 1378 1045 ablutio.

976 1062 1185 1095 Peccatorum
1209 1060 1354 1093 remissio

976 1110 1133 1150 Mem-um,
1157 1109 1255 1149 Deua
1282 1109 1425 1141 obsecro.

1024 1158 1111 1190 Deus
1138 1156 1280 1189 excelsus
1304 1156 1448 1200 Eiion,

975 1205 1064 1239 Deus
1092 1204 1222 1238 deorum
1244 1203 1418 1244 pantheon,

977 1254 1096 1287 Rerum
1122 1255 1247 1285 creator
1269 1251 1455 1293 hypsiston;

976 1301 1167 1335 Emmanuel
1189 1302 1401 1341 pantocraton

978 1351 1157 1390 Pastorque
1181 1348 1377 1382 homousion.

978 1397 1126 1431 Salvator
1151 1396 1264 1429 mundi
1287 1399 1322 1428 tu
1346 1395 1461 1434 theon3

977 1446 1094 1489 Patris,
1121 1445 1190 1476 nati
1214 1443 1391 1485 synhagion

977 1493 1152 1526 Amborum
1175 1499 1301 1524 sacrum
1316 1492 1509 1532 pneumaton

979 1541 1114 1580 Caritas,
1139 1540 1233 1581 ignis,
1258 1540 1350 1572 vivus
1375 1538 1464 1581 fons,

979 1589 1097 1622 Trinus
1120 1598 1211 1629 unus,
1238 1590 1273 1619 tu
1299 1588 1339 1620 de
1364 1587 1441 1620 Sion

979 1638 1136 1670 succurre
1160 1635 1249 1676 mihi,
1274 1638 1368 1676 pater
1393 1644 1443 1676 on,

979 1687 1042 1719 Per
1066 1693 1180 1717 nomen
1204 1686 1294 1716 tuum
1317 1683 1469 1716 arrheton

980 1733 1163 1767 Gloriosum
1186 1732 1430 1772 strathymaton.

1026 1781 1180 1813 Ascher
1205 1780 1277 1821 eje,
1301 1789 1368 1820 1011,
1391 1780 1452 1812 tibi
1465 1782 1514 1812 est

978 1829 1112 1870 Nomen,
1124 1829 1208 1869 quod
1217 1829 1444 1869 sempiternum
1452 1830 1510 1869 est,

978 1878 1025 1911 Et
1034 1886 1160 1918 nomen,
1174 1876 1259 1917 quod
1271 1880 1436 1909 aeternum
1446 1879 1495 1909 031
1504 1888 1513 1918 ;

978 1925 1087 1966 Moysi
1110 1934 1234 1965 nomen,
1261 1924 1345 1966 quod
1372 1928 1420 1957 est
1440 1924 1513 1966 Est,

979 1976 1042 2009 Per
1067 1974 1215 2014 angelum
1239 1973 1380 2006 delatum
1406 1976 1463 2006 est.

980 2023 1043 2056 Per
1052 2031 1167 2055 nomen
1176 2024 1274 2063 tuum,
1289 2022 1374 2063 quod
1386 2024 1435 2054 est
1441 2021 1512 2062 Est,

980 2071 1142 2111 Quidquid
1164 2070 1244 2102 mihi
1267 2079 1397 2103 necesse
1422 2073 1480 2111 est,

983 2119 1130 2154 Concede
1153 2119 1242 2161 mihi,
1269 2119 1357 2151 Deus
1380 2119 1452 2161 Est,

979 2166 1084 2202 Aufer
1100 2177 1120 2200 a
1135 2176 1196 2210 me,
1216 2168 1300 2208 quod
1317 2167 1435 2200 malum
1454 2171 1512 2209 est,

979 2216 1025 2250 Et
1037 2218 1216 2260 peccatum,
1235 2216 1320 2256 quod
1332 2215 1390 2249 abs
1403 2219 1436 2249 te
1449 2218 1511 2257 est3

979 2266 1074 2298 Dona
1094 2264 1183 2307 mihi,
1210 2264 1294 2305 quod
1319 2265 1436 2297 bonum
1454 2267 1513 2306 est,

978 2313 1077 2354 1111111,
1102 2315 1208 2355 pater,
1224 2313 1311 2353 quod
1325 2322 1384 2354 per
1403 2316 1436 2346 te
1453 2316 1513 2350 est.

1026 2362 1057 2394 A
1069 2362 1193 2395 donai
1218 2361 1385 2404 mirabilis,

977 2410 1114 2451 Magnus
1141 2413 1173 2442 ct
1197 2410 1406 2453 admirabilis,

980 2460 1113 2493 Creator
1136 2459 1326 2502 ineffabilis,
