1653 2668
631 264 676 295 66.
714 263 758 294 De
780 263 904 296 Gaudiis
923 263 1012 295 BMV.

406 345 435 378 1.
462 345 617 376 Lustrans
642 343 751 375 orbem
776 344 825 376 sol
848 342 969 383 primus
995 342 1146 386 siderum,

462 391 583 431 Gyrum
609 390 688 422 coeli
713 389 842 423 firmans
870 390 903 422 in
933 389 1072 434 cardine,

463 437 656 478 Virginalem
681 439 821 470 sacravit
845 441 969 470 uterum

508 486 642 525 Sumpta
665 494 760 517 carne

462 533 586 572 Regens
611 535 714 572 astra3
741 532 865 565 Mariae
889 542 1021 572 puerum

461 580 682 613 Collaudemus
704 580 809 620 ipsum
833 581 865 612 in
893 580 1024 621 virgine,

459 628 592 660 Sumens
618 627 681 660 sibi
705 628 816 660 matris
838 628 1043 668 praeconium

507 674 611 714 Digna
635 675 739 707 laude.

401 754 431 785 2.
459 750 700 791 Paranymphus
725 750 787 782 Dei
811 751 1020 791 archangelus

460 798 619 832 Salutavit
643 807 735 838 quam
761 800 870 830 sancto
896 797 1042 831 flamine:

458 847 539 887 Ave,
565 845 678 886 inquit,
703 846 800 885 plena
826 845 995 879 dulcedine

505 893 698 925 Gratiarum.

458 942 587 974 Summa
611 941 711 973 virtus
736 949 808 973 mox
833 943 961 973 sanctus
986 943 1118 982 spiritus

457 987 668 1021 Obumbrabit:
691 988 723 1019 in
748 991 780 1018 te
804 988 986 1028 spiramine,

459 1036 660 1068 Canticorum
685 1035 804 1068 vallata
830 1036 968 1068 carmine

506 1084 747 1124 Prophetarum.

399 1163 429 1194 3.
458 1160 619 1193 consensu
642 1159 761 1191 tradito
785 1158 878 1191 homo
904 1158 1078 1198 perficitur,

458 1207 517 1246 Qui
543 1207 645 1239 carnis
670 1206 805 1238 termino
830 1207 863 1238 in
889 1208 1000 1238 ventre
1025 1207 1193 1248 clauditur,

458 1254 528 1286 Nec
551 1254 721 1294 puerperio
745 1256 849 1286 mater
874 1255 1087 1295 corrumpitur

506 1302 642 1334 Manens
667 1301 766 1341 virgo.

458 1350 494 1381 In
520 1349 623 1381 noctis
648 1349 752 1380 medio
778 1348 915 1389 pervigil
939 1349 1089 1390 nascitur,

461 1396 601 1428 Miratur
626 1396 718 1435 ratio,
744 1399 846 1428 mater
870 1405 933 1427 non
957 1396 1105 1434 laeditur,

457 1444 505 1476 De
530 1444 605 1476 solis
631 1443 722 1476 radio
744 1443 817 1483 jure
846 1443 1049 1484 progreditur

505 1491 591 1523 Deus
617 1492 720 1523 homo.

403 1571 428 1601 i.
457 1568 579 1599 Novum
605 1567 694 1599 sidus
719 1569 821 1598 ortum
850 1567 1014 1599 denuntiat

456 1614 615 1647 Christum
640 1616 746 1646 natum
774 1618 934 1655 regentem
959 1616 1128 1654 saeculum,

455 1662 544 1701 Magi
569 1664 712 1701 cernunt,
739 1664 771 1692 ct
793 1663 895 1694 locum
921 1662 1052 1702 indicat,

458 1709 662 1742 Prooidentes
687 1709 824 1741 adorant
845 1710 1010 1749 parvulum

507 1757 700 1797 vagientem.

455 1805 482 1836 T
484 1804 586 1836 rinum
610 1804 712 1836 Deum
737 1802 839 1844 figura
863 1807 995 1846 reserat,

458 1852 574 1892 Regem
598 1860 755 1892 magnum,
782 1852 948 1884 mortalem
973 1851 1083 1894 filium,

458 1901 590 1937 Aurum,
615 1899 747 1939 myrrha
772 1902 803 1931 et
828 1900 900 1931 thus
925 1900 1072 1933 insinuat.

457 1946 606 1980 Obtulisti
631 1947 664 1978 in
689 1946 808 1985 templo
833 1947 970 1987 genitum

503 1994 650 2027 Nondum
677 1993 805 2028 fantem.

399 2074 429 2104 5.
458 2070 696 2110 Scripturarum
722 2069 861 2103 formans
887 2071 1045 2111 eloquium

459 2118 563 2150 Verbo
585 2118 662 2150 vicit,
685 2118 792 2150 hostes
819 2121 865 2151 est
890 2119 1022 2159 scelera,

455 2166 593 2199 Mortem
617 2175 730 2206 passus
760 2167 896 2199 calcavit
920 2169 1051 2207 tartara,

502 2215 578 2246 Post
602 2213 752 2246 surrexit,

454 2262 584 2294 Samson
612 2261 733 2302 frangit
755 2261 873 2293 inferni
897 2262 1023 2304 ostium,

456 2309 620 2342 Gloriosus
647 2309 845 2342 transcendit
868 2310 1010 2350 aethera,

455 2358 524 2390 Rex
548 2357 720 2389 immensus
745 2358 893 2397 promisit
917 2367 1048 2392 munera

500 2405 545 2437 Et
568 2405 723 2438 ascendit.
