1653 2668
723 144 958 182 “29—

188 244 241 278 17.
269 245 307 278 In
332 245 502 285 sepulchro
525 245 666 286 J'acuisti,
875 247 930 278 22.
957 246 1079 279 Octavo
1102 246 1136 276 tu
1162 244 1362 277 venerandus

269 292 334 325 Sed
359 293 401 325 ad
427 293 525 325 vitam
550 294 720 327 surrexisti
955 294 1002 326 Et
1025 292 1142 325 obnixe
1165 293 1403 333 praedicandus

314 339 364 372 De
388 344 492 372 morte
514 344 588 382 post
616 341 765 381 biduum;
1004 341 1060 381 Es,
1087 340 1274 381 redemptor
1299 341 1448 380 omnium,

268 389 374 421 Vitam
399 388 492 421 nobis
517 388 689 430 morituris,
956 389 1003 424 Ut
1026 397 1096 420 cum
1124 389 1191 421 dies
1218 389 1279 421 erit
1305 388 1413 429 durus,

269 437 411 476 Regnum
439 436 531 469 nobis
554 438 744 469 surrecturis
959 437 1091 477 Quando
1119 437 1260 469 crederis
1284 440 1436 469 venturus

317 483 464 517 Concede
487 487 688 525 perpetuum.
1000 484 1083 517 Esse
1107 485 1149 517 ad
1170 485 1337 525 judicium,

186 543 242 576 18.
269 542 366 575 Sexto
389 541 449 575 tibi
473 542 576 575 reddo
602 545 717 585 grates,
875 545 930 577 23.
957 543 1022 578 Ubi
1047 542 1134 576 facta
1159 543 1354 583 singulorum

269 590 340 631 Qui,
362 593 399 622 ut
422 591 653 631 praedixerunt
678 594 776 631 vates,
957 593 1036 625 Tam
1061 592 1214 625 bonorum
1238 601 1332 631 quam
1348 592 1504 624 malorum

314 639 354 671 In
381 638 502 671 coelum
527 640 730 680 ascenderas,
1003 639 1159 673 Pensabis
1184 640 1383 681 aequissime,

268 686 360 726 Quod
384 689 462 719 tunc
485 695 562 719 vere
587 687 797 728 complevisti,
956 689 1090 730 Horum,
1117 688 1231 728 quibus
1259 688 1345 720 dices
1370 688 1429 729 Ite,

269 735 348 768 Cum
372 735 407 767 in
433 735 555 767 coelum
579 735 786 768 transvexisti
956 736 1030 769 Non
1064 737 1162 768 simus
1192 741 1278 776 tunc,
1304 736 1362 768 sed
1387 737 1504 769 Venite

319 781 462 823 Carnem,
478 792 571 823 quam
585 792 814 823 assumpseras,
1003 783 1066 816 Dic
1090 784 1181 817 nobis
1208 784 1401 816 dulcissime.

186 841 241 874 19.
268 842 332 874 Per
356 841 446 873 illam
470 841 687 873 ascensionem
874 843 929 875 24.
957 842 1049 874 Nono
1074 842 1171 874 laude
1195 843 1256 874 hac
1280 851 1313 874 es
1340 842 1463 883 dignuS,

270 889 315 921 Et
338 891 425 920 tuam
449 897 508 929 per
535 889 708 922 sessionem
960 889 1096 931 Christe,
1121 891 1206 930 quod
1232 892 1266 921 tu
1293 899 1325 922 es
1349 889 1504 932 benignus

316 936 353 968 In
379 938 515 977 paterna
540 936 682 978 dextera,
1007 938 1089 970 Vere
1111 938 1358 978 poenitentibus,

268 983 338 1017 Fac
361 994 419 1017 nos
445 985 487 1017 ad
512 987 545 1017 te
570 985 784 1025 transportari
955 986 1072 1018 Fidem
1096 988 1182 1018 tuam
1209 986 1262 1025 qui
1283 984 1422 1026 professi

269 1033 315 1065 Et
337 1035 412 1072 post
433 1035 566 1065 mortem
592 1033 723 1073 gloriari
956 1035 1001 1066 Et
1024 1037 1157 1074 peccata
1182 1037 1256 1066 sunt
1282 1032 1430 1075 confessi,

316 1080 436 1112 Tecum
460 1090 556 1121 super
581 1082 723 1114 aethera.
1003 1082 1128 1115 Reddis
1154 1091 1225 1114 cum
1249 1081 1411 1122 operibus.

188 1138 243 1171 20.
270 1137 413 1179 Septimo
437 1138 507 1170 laus
532 1137 591 1170 tibi
619 1139 712 1171 detur
875 1142 930 1174 25.
953 1139 1055 1172 Nobis
1079 1138 1177 1172 fidem
1201 1139 1321 1180 praebe
1346 1148 1465 1179 veram,

268 1186 314 1218 Et
337 1194 464 1226 semper
490 1186 691 1218 continuetur
959 1188 1132 1221 Caritatem
1158 1188 1199 1219 da
1221 1187 1381 1220 sinceram

318 1234 470 1267 Omnibus
494 1234 528 1266 in
553 1234 688 1267 saeculis
1002 1235 1048 1268 Et
1072 1244 1162 1276 spem
1186 1238 1305 1268 certam
1329 1235 1436 1268 tribue

268 1282 406 1322 Propter
429 1282 556 1323 donum,
583 1282 668 1323 quod
691 1282 801 1315 electis
956 1285 1002 1317 Et
1027 1284 1196 1316 mundatos
1222 1293 1241 1315 a
1265 1284 1407 1324 peccatis

268 1330 346 1362 Tuis
371 1330 491 1362 sanctis
517 1333 549 1362 et
574 1330 699 1362 dilectis
960 1332 1026 1364 Nos
1049 1332 1083 1364 in
1108 1340 1205 1372 regno
1232 1331 1389 1365 claritatis

314 1377 437 1410 Misisti
461 1378 637 1420 discipulis.
1002 1380 1080 1412 Post
1103 1383 1238 1412 mortem
1264 1380 1428 1412 constitue.

187 1435 242 1467 21.
269 1434 421 1468 Sanctum
448 1435 494 1467 eis
518 1436 572 1476 qui
593 1436 710 1468 dedisti
875 1438 931 1471 26.
958 1438 1036 1470 Jesu
1061 1437 1124 1477 pie,
1153 1437 1229 1469 Jesu
1254 1437 1347 1477 bone,

270 1482 436 1524 Spiritum,
464 1492 541 1523 quos
569 1483 705 1515 docuisti
958 1485 1026 1525 Qua
1050 1494 1179 1525 possum
1206 1485 1374 1518 devotione

317 1530 422 1571 Loqui
445 1530 564 1572 linguis
587 1531 737 1571 omnium,
1001 1532 1048 1564 Te
1071 1542 1149 1573 rogo
1173 1533 1374 1574 suppliciter,

269 1579 370 1611 Tuum
395 1577 488 1611 nobis
514 1583 659 1612 sanctum
680 1577 794 1612 flamen
958 1581 1063 1614 Corda
1086 1583 1196 1613 nostra
1221 1581 1264 1613 ad
1289 1582 1444 1614 orandum

269 1627 372 1667 Dona,
397 1635 523 1667 precor,
548 1629 584 1658 ut
605 1630 748 1659 tutamen
956 1629 1001 1661 Et
1025 1638 1060 1661 os
1085 1628 1127 1661 ad
1151 1632 1184 1661 te
1206 1630 1410 1662 salutandum

313 1673 432 1708 Contra
455 1673 586 1708 fraudes
611 1676 759 1709 hostium.
1002 1677 1105 1717 Aptes
1131 1676 1314 1712 efficaciter.

259 1732 333 1760 Orat
351 1740 405 1759 ms.
424 1730 582 1760 Coelestin.
604 1740 681 1760 saec.
698 1730 741 1760 15.
775 1731 844 1760 Cod.
864 1733 972 1761 Meten.
994 1732 1058 1762 571.
1073 1734 1108 1762 A.
1132 1750 1159 1754 -
1174 1735 1254 1763 Orat.
1275 1744 1327 1763 ms.
1344 1734 1500 1764 Coelestin.

182 1778 258 1799 saec.
281 1768 325 1798 15.
361 1769 431 1798 Ood.
450 1769 597 1798 Parisien.
619 1768 725 1799 18571.
746 1772 779 1799 Β.

526 1853 568 1886 13.
610 1854 718 1886 Oratio
739 1854 855 1887 devota
877 1856 909 1888 et
930 1857 1156 1898 compunctiva.

207 1915 238 1949 1.
265 1916 335 1948 Ave
359 1916 444 1957 regis
469 1916 666 1958 angelorum,
898 1920 929 1952 3.
955 1919 1059 1952 Homo
1085 1919 1182 1951 miser
1207 1921 1239 1951 et
1262 1921 1429 1965 malignus,

313 1963 374 1996 Dei
399 1965 503 2005 patris
523 1964 624 2005 unice,
1003 1968 1120 2000 Plenus
1146 1967 1231 2000 omni
1255 1969 1387 2009 scelere,

265 2012 379 2044 Mundi
403 2011 496 2045 faber
521 2016 554 2045 et
579 2013 738 2046 coelorum
955 2016 1038 2055 Tibi,
1065 2017 1152 2059 JeSU,
1179 2026 1242 2049 non
1268 2026 1337 2049 sum
1364 2017 1477 2059 dignus

312 2060 383 2093 Rex
409 2064 441 2093 et
464 2064 570 2094 rector
594 2060 747 2104 fabricae,
1001 2064 1085 2097 Vota
1108 2064 1240 2097 laudum
1265 2066 1399 2107 solvere,

263 2109 352 2148 Jesu,
379 2112 454 2142 vota
477 2110 665 2142 miserorum
958 2112 1020 2145 Sed
1054 2122 1087 2145 es
1114 2113 1251 2145 clemens
1278 2116 1309 2146 et
1333 2115 1499 2157 benignus,

312 2156 360 2189 Te
384 2157 571 2190 laudantum
597 2158 733 2199 respice.
1001 2160 1077 2194 Noli
1102 2170 1153 2193 me
1177 2164 1388 2195 contemnere.

202 2217 235 2248 2.
262 2216 409 2257 Aequum
436 2217 485 2247 est
509 2219 543 2248 et
566 2217 717 2258 salutare,
895 2220 927 2252 4.
953 2220 1001 2252 Te
1026 2220 1135 2263 adoro,
1163 2220 1206 2252 mi
1231 2224 1365 2263 creator,

309 2264 356 2297 Te
380 2264 516 2296 laudare
543 2264 714 2307 dominum,
1000 2267 1069 2300 Tuo
1094 2267 1198 2301 factus
1222 2270 1361 2311 numine,

262 2312 321 2345 Cui
346 2312 458 2345 laudes
486 2313 597 2355 dignas
624 2314 702 2346 dare
951 2317 999 2349 Te
1023 2316 1181 2358 collaudo,
1206 2318 1375 2361 mediator,

310 2360 426 2395 Nullus
451 2364 560 2401 potest
582 2361 753 2404 hominum,
1000 2364 1087 2398 Tuus
1111 2374 1208 2398 vocor
1229 2368 1365 2407 nomine,

260 2409 348 2443 Duxi
372 2412 479 2442 tamen
505 2412 538 2442 te
562 2410 696 2444 laudare
951 2414 998 2446 Te
1021 2413 1135 2454 saluto,
1161 2415 1205 2447 mi
1229 2416 1381 2458 salvator,

304 2459 410 2492 Homo
435 2458 550 2502 plenus
577 2460 752 2496 criminum.
998 2462 1067 2495 Tuo
1090 2466 1213 2505 emptus
1237 2466 1400 2509 sanguine.
