<?xml version="1.0" encoding="UTF-8"?>
<!DOCTYPE html PUBLIC "-//W3C//DTD XHTML 1.0 Transitional//EN"
    "http://www.w3.org/TR/xhtml1/DTD/xhtml1-transitional.dtd">
<html xmlns="http://www.w3.org/1999/xhtml" xml:lang="en" lang="en">
 <head>
  <title>
</title>
<meta http-equiv="Content-Type" content="text/html;charset=utf-8" />
  <meta name='ocr-system' content='tesseract 3.04.00' />
  <meta name='ocr-capabilities' content='ocr_page ocr_carea ocr_par ocr_line ocrx_word'/>
</head>
<body>
  <div class='ocr_page' id='page_1' title='image "./analectahymnica15drevuoft_00233.png"; bbox 0 0 1653 2668; ppageno 0'>
   <div class='ocr_carea' id='block_1_1' title="bbox 832 131 998 166">
    <p class='ocr_par' dir='ltr' id='par_1_1' title="bbox 832 131 998 166">
     <span class='ocr_line' id='line_1_1' title="bbox 832 131 998 166; baseline 0 0"><span class='ocrx_word' id='word_1_1' title='bbox 832 131 901 166; x_wconf 78' lang='lat'>230</span> <span class='ocrx_word' id='word_1_2' title='bbox 949 150 998 156; x_wconf 92' lang='lat'>—</span> 
     </span>
    </p>
   </div>
   <div class='ocr_carea' id='block_1_2' title="bbox 375 228 1375 1270">
    <p class='ocr_par' dir='ltr' id='par_1_2' title="bbox 375 228 1375 1270">
     <span class='ocr_line' id='line_1_2' title="bbox 380 228 1142 270; baseline -0.008 -5"><span class='ocrx_word' id='word_1_3' title='bbox 380 235 435 268; x_wconf 87' lang='grc'>20,</span> <span class='ocrx_word' id='word_1_4' title='bbox 467 231 647 265; x_wconf 78' lang='lat' dir='ltr'>Sei-vientes</span> <span class='ocrx_word' id='word_1_5' title='bbox 672 229 787 270; x_wconf 87' lang='lat' dir='ltr'>spiritu</span> <span class='ocrx_word' id='word_1_6' title='bbox 811 228 874 261; x_wconf 85' lang='lat' dir='ltr'>sibi</span> <span class='ocrx_word' id='word_1_7' title='bbox 898 229 1001 261; x_wconf 86' lang='lat' dir='ltr'>salvat</span> <span class='ocrx_word' id='word_1_8' title='bbox 1026 230 1142 259; x_wconf 87' lang='lat' dir='ltr'>tamen.</span> 
     </span>
     <span class='ocr_line' id='line_1_3' title="bbox 462 275 1183 317; baseline -0.007 -6"><span class='ocrx_word' id='word_1_9' title='bbox 462 280 537 312; x_wconf 82' lang='lat' dir='ltr'>Pius</span> <span class='ocrx_word' id='word_1_10' title='bbox 560 279 673 310; x_wconf 86' lang='lat' dir='ltr'>horum</span> <span class='ocrx_word' id='word_1_11' title='bbox 696 278 819 309; x_wconf 84' lang='lat' dir='ltr'>scelera</span> <span class='ocrx_word' id='word_1_12' title='bbox 841 276 990 317; x_wconf 77' lang='lat' dir='ltr'>precibus</span> <span class='ocrx_word' id='word_1_13' title='bbox 1014 275 1183 316; x_wconf 76' lang='lat' dir='ltr'>abstergit,</span> 
     </span>
     <span class='ocr_line' id='line_1_4' title="bbox 458 323 1248 364; baseline -0.008 -5"><span class='ocrx_word' id='word_1_14' title='bbox 458 328 489 359; x_wconf 82' lang='lat' dir='ltr'>A</span> <span class='ocrx_word' id='word_1_15' title='bbox 513 325 678 358; x_wconf 88' lang='lat' dir='ltr'>fluctuanti</span> <span class='ocrx_word' id='word_1_16' title='bbox 702 326 820 357; x_wconf 88' lang='lat' dir='ltr'>mundo</span> <span class='ocrx_word' id='word_1_17' title='bbox 845 325 903 356; x_wconf 91' lang='lat' dir='ltr'>hos</span> <span class='ocrx_word' id='word_1_18' title='bbox 927 325 959 356; x_wconf 92' lang='lat' dir='ltr'>in</span> <span class='ocrx_word' id='word_1_19' title='bbox 987 324 1108 356; x_wconf 88' lang='lat' dir='ltr'>coelum</span> <span class='ocrx_word' id='word_1_20' title='bbox 1136 323 1248 364; x_wconf 86' lang='lat' dir='ltr'>vergit,</span> 
     </span>
     <span class='ocr_line' id='line_1_5' title="bbox 461 370 1357 413; baseline -0.003 -7"><span class='ocrx_word' id='word_1_21' title='bbox 461 375 520 413; x_wconf 70' lang='lat' dir='ltr'>Qui</span> <span class='ocrx_word' id='word_1_22' title='bbox 546 373 648 413; x_wconf 83' lang='lat' dir='ltr'><strong>dignis</strong></span> <span class='ocrx_word' id='word_1_23' title='bbox 671 373 733 404; x_wconf 91' lang='lat' dir='ltr'>sibi</span> <span class='ocrx_word' id='word_1_24' title='bbox 756 372 905 413; x_wconf 87' lang='lat' dir='ltr'>precibus</span> <span class='ocrx_word' id='word_1_25' title='bbox 930 375 962 403; x_wconf 92' lang='lat' dir='ltr'>et</span> <span class='ocrx_word' id='word_1_26' title='bbox 985 371 1107 403; x_wconf 90' lang='lat' dir='ltr'>meritis</span> <span class='ocrx_word' id='word_1_27' title='bbox 1132 379 1167 402; x_wconf 91' lang='lat' dir='ltr'>se</span> <span class='ocrx_word' id='word_1_28' title='bbox 1190 370 1357 410; x_wconf 74' lang='lat' dir='ltr'>praebent.</span> 
     </span>
     <span class='ocr_line' id='line_1_6' title="bbox 461 419 1159 459; baseline -0.004 -6"><span class='ocrx_word' id='word_1_29' title='bbox 461 422 532 454; x_wconf 82' lang='lat' dir='ltr'>Suis</span> <span class='ocrx_word' id='word_1_30' title='bbox 557 421 768 453; x_wconf 83' lang='lat' dir='ltr'>servientibus</span> <span class='ocrx_word' id='word_1_31' title='bbox 795 420 918 452; x_wconf 84' lang='lat' dir='ltr'>devotis</span> <span class='ocrx_word' id='word_1_32' title='bbox 943 429 1006 451; x_wconf 90' lang='lat' dir='ltr'>non</span> <span class='ocrx_word' id='word_1_33' title='bbox 1031 419 1159 459; x_wconf 79' lang='lat' dir='ltr'>hebent,</span> 
     </span>
     <span class='ocr_line' id='line_1_7' title="bbox 377 468 1186 508; baseline -0.005 -6"><span class='ocrx_word' id='word_1_34' title='bbox 377 472 434 504; x_wconf 87' lang='lat'>25.</span> <span class='ocrx_word' id='word_1_35' title='bbox 461 469 525 501; x_wconf 86' lang='lat' dir='ltr'>Sed</span> <span class='ocrx_word' id='word_1_36' title='bbox 551 469 664 500; x_wconf 88' lang='lat' dir='ltr'>devoto</span> <span class='ocrx_word' id='word_1_37' title='bbox 689 469 808 508; x_wconf 90' lang='lat' dir='ltr'>spiritu</span> <span class='ocrx_word' id='word_1_38' title='bbox 832 469 932 500; x_wconf 90' lang='lat' dir='ltr'>corde</span> <span class='ocrx_word' id='word_1_39' title='bbox 959 468 1068 499; x_wconf 84' lang='lat' dir='ltr'>dicunt</span> <span class='ocrx_word' id='word_1_40' title='bbox 1094 475 1186 499; x_wconf 86' lang='lat' dir='ltr'>vere:</span> 
     </span>
     <span class='ocr_line' id='line_1_8' title="bbox 461 515 1221 556; baseline -0.003 -8"><span class='ocrx_word' id='word_1_41' title='bbox 461 516 648 549; x_wconf 89' lang='lat' dir='ltr'>Consolator</span> <span class='ocrx_word' id='word_1_42' title='bbox 672 524 858 556; x_wconf 85' lang='lat' dir='ltr'>pauperum,</span> <span class='ocrx_word' id='word_1_43' title='bbox 885 515 1034 555; x_wconf 86' lang='lat' dir='ltr'>Procopi,</span> <span class='ocrx_word' id='word_1_44' title='bbox 1059 515 1221 554; x_wconf 86' lang='lat' dir='ltr'>miserere,</span> 
     </span>
     <span class='ocr_line' id='line_1_9' title="bbox 458 564 1293 605; baseline -0.004 -9"><span class='ocrx_word' id='word_1_45' title='bbox 458 564 501 596; x_wconf 86' lang='lat' dir='ltr'>Et</span> <span class='ocrx_word' id='word_1_46' title='bbox 526 567 706 596; x_wconf 83' lang='lat' dir='ltr'>nostrorum</span> <span class='ocrx_word' id='word_1_47' title='bbox 731 572 815 595; x_wconf 88' lang='lat' dir='ltr'>nunc</span> <span class='ocrx_word' id='word_1_48' title='bbox 839 564 949 595; x_wconf 86' lang='lat' dir='ltr'>relaxa.</span> <span class='ocrx_word' id='word_1_49' title='bbox 974 565 1179 603; x_wconf 83' lang='lat' dir='ltr'>peccatorum</span> <span class='ocrx_word' id='word_1_50' title='bbox 1205 571 1293 605; x_wconf 85' lang='lat' dir='ltr'>onus,</span> 
     </span>
     <span class='ocr_line' id='line_1_10' title="bbox 461 610 1364 648; baseline -0.001 -5"><span class='ocrx_word' id='word_1_51' title='bbox 461 612 573 643; x_wconf 80' lang='lat' dir='ltr'>Nostri</span> <span class='ocrx_word' id='word_1_52' title='bbox 599 612 704 643; x_wconf 86' lang='lat' dir='ltr'>cordis</span> <span class='ocrx_word' id='word_1_53' title='bbox 732 612 916 643; x_wconf 83' lang='lat' dir='ltr'>caecitatem</span> <span class='ocrx_word' id='word_1_54' title='bbox 941 611 1079 648; x_wconf 82' lang='lat' dir='ltr'>illustra,</span> <span class='ocrx_word' id='word_1_55' title='bbox 1105 618 1227 641; x_wconf 87' lang='lat' dir='ltr'>summe</span> <span class='ocrx_word' id='word_1_56' title='bbox 1253 610 1364 643; x_wconf 54' lang='lat' dir='ltr'>bonus..</span> 
     </span>
     <span class='ocr_line' id='line_1_11' title="bbox 460 657 1375 699; baseline -0.002 -8"><span class='ocrx_word' id='word_1_57' title='bbox 460 660 550 699; x_wconf 72' lang='lat' dir='ltr'>Quod</span> <span class='ocrx_word' id='word_1_58' title='bbox 574 660 609 691; x_wconf 91' lang='lat' dir='ltr'>in</span> <span class='ocrx_word' id='word_1_59' title='bbox 633 659 725 691; x_wconf 90' lang='lat' dir='ltr'>nobis</span> <span class='ocrx_word' id='word_1_60' title='bbox 752 662 799 690; x_wconf 88' lang='lat' dir='ltr'>est</span> <span class='ocrx_word' id='word_1_61' title='bbox 826 657 1032 698; x_wconf 87' lang='lat' dir='ltr'>confractum,</span> <span class='ocrx_word' id='word_1_62' title='bbox 1061 658 1259 698; x_wconf 85' lang='lat' dir='ltr'>dissipatum,</span> <span class='ocrx_word' id='word_1_63' title='bbox 1287 667 1375 698; x_wconf 88' lang='lat' dir='ltr'>sana,</span> 
     </span>
     <span class='ocr_line' id='line_1_12' title="bbox 379 706 1131 747; baseline -0.007 -5"><span class='ocrx_word' id='word_1_64' title='bbox 379 709 434 743; x_wconf 85' lang='lat'>30.</span> <span class='ocrx_word' id='word_1_65' title='bbox 461 707 512 739; x_wconf 88' lang='lat' dir='ltr'>Ab</span> <span class='ocrx_word' id='word_1_66' title='bbox 539 707 676 738; x_wconf 85' lang='lat' dir='ltr'>hostium</span> <span class='ocrx_word' id='word_1_67' title='bbox 700 706 831 738; x_wconf 87' lang='lat' dir='ltr'>malitiis</span> <span class='ocrx_word' id='word_1_68' title='bbox 856 707 944 747; x_wconf 87' lang='lat' dir='ltr'>eripe</span> <span class='ocrx_word' id='word_1_69' title='bbox 969 709 1001 737; x_wconf 91' lang='lat' dir='ltr'>et</span> <span class='ocrx_word' id='word_1_70' title='bbox 1024 715 1131 746; x_wconf 88' lang='lat' dir='ltr'>pugna</span> 
     </span>
     <span class='ocr_line' id='line_1_13' title="bbox 458 754 1230 792; baseline 0 -7"><span class='ocrx_word' id='word_1_71' title='bbox 458 754 584 792; x_wconf 85' lang='lat' dir='ltr'>Mundi,</span> <span class='ocrx_word' id='word_1_72' title='bbox 613 755 717 786; x_wconf 86' lang='lat' dir='ltr'>carnis</span> <span class='ocrx_word' id='word_1_73' title='bbox 741 754 877 785; x_wconf 84' lang='lat' dir='ltr'>miserae</span> <span class='ocrx_word' id='word_1_74' title='bbox 903 754 1114 786; x_wconf 80' lang='lat' dir='ltr'>delectatione</span> <span class='ocrx_word' id='word_1_75' title='bbox 1138 762 1230 786; x_wconf 87' lang='lat' dir='ltr'>vana.</span> 
     </span>
     <span class='ocr_line' id='line_1_14' title="bbox 457 802 1213 842; baseline -0.001 -8"><span class='ocrx_word' id='word_1_76' title='bbox 457 802 650 842; x_wconf 88' lang='lat' dir='ltr'>Pauperiem</span> <span class='ocrx_word' id='word_1_77' title='bbox 675 802 798 833; x_wconf 90' lang='lat' dir='ltr'>animae</span> <span class='ocrx_word' id='word_1_78' title='bbox 823 811 842 833; x_wconf 86' lang='lat' dir='ltr'>a</span> <span class='ocrx_word' id='word_1_79' title='bbox 865 802 957 833; x_wconf 88' lang='lat' dir='ltr'>nobis</span> <span class='ocrx_word' id='word_1_80' title='bbox 981 802 1095 841; x_wconf 90' lang='lat' dir='ltr'>procul</span> <span class='ocrx_word' id='word_1_81' title='bbox 1117 802 1213 842; x_wconf 88' lang='lat' dir='ltr'>pelle,</span> 
     </span>
     <span class='ocr_line' id='line_1_15' title="bbox 458 848 1204 889; baseline -0.001 -8"><span class='ocrx_word' id='word_1_82' title='bbox 458 850 496 882; x_wconf 90' lang='lat' dir='ltr'>In</span> <span class='ocrx_word' id='word_1_83' title='bbox 520 849 582 881; x_wconf 87' lang='lat' dir='ltr'>Dei</span> <span class='ocrx_word' id='word_1_84' title='bbox 608 849 746 882; x_wconf 87' lang='lat' dir='ltr'>servitiis</span> <span class='ocrx_word' id='word_1_85' title='bbox 774 848 919 881; x_wconf 80' lang='lat' dir='ltr'>conforta</span> <span class='ocrx_word' id='word_1_86' title='bbox 942 853 1085 881; x_wconf 84' lang='lat' dir='ltr'>nostrum</span> <span class='ocrx_word' id='word_1_87' title='bbox 1110 849 1204 889; x_wconf 87' lang='lat' dir='ltr'>velle,</span> 
     </span>
     <span class='ocr_line' id='line_1_16' title="bbox 458 896 1234 938; baseline -0.001 -9"><span class='ocrx_word' id='word_1_88' title='bbox 458 897 504 929; x_wconf 89' lang='lat' dir='ltr'>Ut</span> <span class='ocrx_word' id='word_1_89' title='bbox 524 897 623 935; x_wconf 86' lang='lat' dir='ltr'>justa,</span> <span class='ocrx_word' id='word_1_90' title='bbox 648 896 717 929; x_wconf 90' lang='lat' dir='ltr'>Deo</span> <span class='ocrx_word' id='word_1_91' title='bbox 742 897 863 937; x_wconf 89' lang='lat' dir='ltr'>placita</span> <span class='ocrx_word' id='word_1_92' title='bbox 888 906 1015 938; x_wconf 80' lang='lat' dir='ltr'>agamus</span> <span class='ocrx_word' id='word_1_93' title='bbox 1040 900 1074 928; x_wconf 92' lang='lat' dir='ltr'>te</span> <span class='ocrx_word' id='word_1_94' title='bbox 1100 897 1234 929; x_wconf 86' lang='lat' dir='ltr'>docente</span> 
     </span>
     <span class='ocr_line' id='line_1_17' title="bbox 378 944 1158 980; baseline -0.004 -2"><span class='ocrx_word' id='word_1_95' title='bbox 378 947 432 980; x_wconf 84' lang='lat'>35.</span> <span class='ocrx_word' id='word_1_96' title='bbox 458 944 503 976; x_wconf 89' lang='lat' dir='ltr'>Et</span> <span class='ocrx_word' id='word_1_97' title='bbox 525 945 672 976; x_wconf 88' lang='lat' dir='ltr'>mundati</span> <span class='ocrx_word' id='word_1_98' title='bbox 697 945 845 976; x_wconf 87' lang='lat' dir='ltr'>sordibus</span> <span class='ocrx_word' id='word_1_99' title='bbox 869 948 903 976; x_wconf 84' lang='lat' dir='ltr'>te</span> <span class='ocrx_word' id='word_1_100' title='bbox 926 945 1158 977; x_wconf 84' lang='lat' dir='ltr'>interveniente</span> 
     </span>
     <span class='ocr_line' id='line_1_18' title="bbox 456 991 1246 1032; baseline 0.001 -9"><span class='ocrx_word' id='word_1_101' title='bbox 456 991 694 1024; x_wconf 81' lang='lat' dir='ltr'>Sacramentum</span> <span class='ocrx_word' id='word_1_102' title='bbox 720 992 861 1032; x_wconf 89' lang='lat' dir='ltr'>corporis</span> <span class='ocrx_word' id='word_1_103' title='bbox 888 992 1007 1026; x_wconf 76' lang='lat' dir='ltr'>Christi</span> <span class='ocrx_word' id='word_1_104' title='bbox 1031 992 1111 1024; x_wconf 87' lang='lat' dir='ltr'>hora</span> <span class='ocrx_word' id='word_1_105' title='bbox 1135 992 1246 1024; x_wconf 90' lang='lat' dir='ltr'>mortis</span> 
     </span>
     <span class='ocr_line' id='line_1_19' title="bbox 455 1039 1218 1079; baseline 0 -8"><span class='ocrx_word' id='word_1_106' title='bbox 455 1039 622 1079; x_wconf 87' lang='lat' dir='ltr'>Digneque</span> <span class='ocrx_word' id='word_1_107' title='bbox 646 1040 867 1079; x_wconf 49' lang='lat' dir='ltr'>„uscipiamua</span> <span class='ocrx_word' id='word_1_108' title='bbox 892 1043 929 1071; x_wconf 91' lang='lat' dir='ltr'>ut</span> <span class='ocrx_word' id='word_1_109' title='bbox 954 1049 1024 1071; x_wconf 87' lang='lat' dir='ltr'>cum</span> <span class='ocrx_word' id='word_1_110' title='bbox 1048 1040 1098 1071; x_wconf 91' lang='lat' dir='ltr'>leo</span> <span class='ocrx_word' id='word_1_111' title='bbox 1124 1039 1218 1072; x_wconf 84' lang='lat' dir='ltr'>fortis</span> 
     </span>
     <span class='ocr_line' id='line_1_20' title="bbox 456 1086 1120 1127; baseline 0.002 -9"><span class='ocrx_word' id='word_1_112' title='bbox 456 1086 558 1118; x_wconf 83' lang='lat' dir='ltr'>Nobis</span> <span class='ocrx_word' id='word_1_113' title='bbox 583 1087 803 1127; x_wconf 74' lang='lat' dir='ltr'>insurrexerit,</span> <span class='ocrx_word' id='word_1_114' title='bbox 835 1088 976 1127; x_wconf 87' lang='lat' dir='ltr'>ejusdem</span> <span class='ocrx_word' id='word_1_115' title='bbox 1001 1088 1120 1119; x_wconf 89' lang='lat' dir='ltr'>virtute</span> 
     </span>
     <span class='ocr_line' id='line_1_21' title="bbox 457 1134 1212 1176; baseline 0.001 -11"><span class='ocrx_word' id='word_1_116' title='bbox 457 1134 550 1166; x_wconf 82' lang='lat' dir='ltr'>Viam</span> <span class='ocrx_word' id='word_1_117' title='bbox 575 1135 618 1166; x_wconf 87' lang='lat' dir='ltr'>ad</span> <span class='ocrx_word' id='word_1_118' title='bbox 644 1135 724 1166; x_wconf 91' lang='lat' dir='ltr'>coeli</span> <span class='ocrx_word' id='word_1_119' title='bbox 748 1136 832 1167; x_wconf 88' lang='lat' dir='ltr'>atria</span> <span class='ocrx_word' id='word_1_120' title='bbox 855 1135 1110 1175; x_wconf 84' lang='lat' dir='ltr'>perambulemus</span> <span class='ocrx_word' id='word_1_121' title='bbox 1135 1137 1212 1176; x_wconf 87' lang='lat' dir='ltr'>tute,</span> 
     </span>
     <span class='ocr_line' id='line_1_22' title="bbox 375 1181 1114 1223; baseline -0.001 -8"><span class='ocrx_word' id='word_1_122' title='bbox 375 1183 429 1216; x_wconf 85' lang='lat'>40.</span> <span class='ocrx_word' id='word_1_123' title='bbox 457 1181 523 1215; x_wconf 93' lang='lat' dir='ltr'>Ubi</span> <span class='ocrx_word' id='word_1_124' title='bbox 547 1185 651 1213; x_wconf 84' lang='lat' dir='ltr'>tecum</span> <span class='ocrx_word' id='word_1_125' title='bbox 675 1182 811 1214; x_wconf 89' lang='lat' dir='ltr'>Domino</span> <span class='ocrx_word' id='word_1_126' title='bbox 841 1183 961 1222; x_wconf 83' lang='lat' dir='ltr'>gratias</span> <span class='ocrx_word' id='word_1_127' title='bbox 986 1192 1114 1223; x_wconf 83' lang='lat' dir='ltr'>agamus</span> 
     </span>
     <span class='ocr_line' id='line_1_23' title="bbox 456 1229 1334 1270; baseline 0.002 -9"><span class='ocrx_word' id='word_1_128' title='bbox 456 1229 500 1261; x_wconf 90' lang='lat' dir='ltr'>Et</span> <span class='ocrx_word' id='word_1_129' title='bbox 526 1238 597 1261; x_wconf 87' lang='lat' dir='ltr'>cum</span> <span class='ocrx_word' id='word_1_130' title='bbox 621 1230 739 1261; x_wconf 88' lang='lat' dir='ltr'>sanctis</span> <span class='ocrx_word' id='word_1_131' title='bbox 763 1231 922 1270; x_wconf 89' lang='lat' dir='ltr'>perpetim</span> <span class='ocrx_word' id='word_1_132' title='bbox 947 1231 1098 1270; x_wconf 75' lang='lat' dir='ltr'>hymnum</span> <span class='ocrx_word' id='word_1_133' title='bbox 1122 1233 1154 1262; x_wconf 87' lang='lat' dir='ltr'>et</span> <span class='ocrx_word' id='word_1_134' title='bbox 1179 1231 1334 1265; x_wconf 81' lang='lat' dir='ltr'>dicamus.</span> 
     </span>
    </p>
   </div>
   <div class='ocr_carea' id='block_1_3' title="bbox 284 1293 1124 1332">
    <p class='ocr_par' dir='ltr' id='par_1_3' title="bbox 284 1293 1124 1332">
     <span class='ocr_line' id='line_1_24' title="bbox 284 1293 1124 1332; baseline 0.001 -9"><span class='ocrx_word' id='word_1_135' title='bbox 284 1295 372 1323; x_wconf 84' lang='lat' dir='ltr'>Scala</span> <span class='ocrx_word' id='word_1_136' title='bbox 391 1295 466 1323; x_wconf 78' lang='lat' dir='ltr'>coeli</span> <span class='ocrx_word' id='word_1_137' title='bbox 486 1303 562 1322; x_wconf 83' lang='lat' dir='ltr'>saec.</span> <span class='ocrx_word' id='word_1_138' title='bbox 585 1293 629 1324; x_wconf 81' lang='lat'>14.</span> <span class='ocrx_word' id='word_1_139' title='bbox 652 1304 695 1323; x_wconf 72' lang='lat' dir='ltr'>ex.</span> <span class='ocrx_word' id='word_1_140' title='bbox 717 1295 786 1324; x_wconf 84' lang='lat' dir='ltr'>Cod.</span> <span class='ocrx_word' id='word_1_141' title='bbox 806 1296 932 1332; x_wconf 84' lang='lat' dir='ltr'>Pragen.</span> <span class='ocrx_word' id='word_1_142' title='bbox 951 1296 1027 1324; x_wconf 86' lang='lat' dir='ltr'>XIII</span> <span class='ocrx_word' id='word_1_143' title='bbox 1049 1296 1075 1324; x_wconf 85' lang='grc' dir='ltr'>Ε</span> <span class='ocrx_word' id='word_1_144' title='bbox 1096 1294 1124 1324; x_wconf 84' lang='grc'>3.</span> 
     </span>
    </p>
   </div>
   <div class='ocr_carea' id='block_1_4' title="bbox 621 1406 1088 1439">
    <p class='ocr_par' dir='ltr' id='par_1_4' title="bbox 621 1406 1088 1439">
     <span class='ocr_line' id='line_1_25' title="bbox 621 1406 1088 1439; baseline 0.004 -2"><span class='ocrx_word' id='word_1_145' title='bbox 621 1407 682 1438; x_wconf 83' lang='grc'><strong>214.</strong></span> <span class='ocrx_word' id='word_1_146' title='bbox 723 1406 769 1438; x_wconf 82' lang='lat' dir='ltr'>De</span> <span class='ocrx_word' id='word_1_147' title='bbox 789 1408 899 1439; x_wconf 82' lang='lat' dir='ltr'>sancto</span> <span class='ocrx_word' id='word_1_148' title='bbox 923 1407 1088 1439; x_wconf 73' lang='lat' dir='ltr'>Radberto.</span> 
     </span>
    </p>
   </div>
   <div class='ocr_carea' id='block_1_5' title="bbox 204 1478 766 1654">
    <p class='ocr_par' dir='ltr' id='par_1_5' title="bbox 204 1478 766 1654">
     <span class='ocr_line' id='line_1_26' title="bbox 204 1478 766 1519; baseline -0.004 -8"><span class='ocrx_word' id='word_1_149' title='bbox 204 1479 235 1511; x_wconf 90' lang='lat'>1.</span> <span class='ocrx_word' id='word_1_150' title='bbox 262 1478 366 1519; x_wconf 87' lang='lat' dir='ltr'>Salve,</span> <span class='ocrx_word' id='word_1_151' title='bbox 393 1480 501 1510; x_wconf 88' lang='lat' dir='ltr'>sancte</span> <span class='ocrx_word' id='word_1_152' title='bbox 523 1478 567 1509; x_wconf 89' lang='lat' dir='ltr'>mi</span> <span class='ocrx_word' id='word_1_153' title='bbox 591 1478 766 1519; x_wconf 81' lang='lat' dir='ltr'>Rudberte‚</span> 
     </span>
     <span class='ocr_line' id='line_1_27' title="bbox 311 1525 713 1566; baseline -0.005 -7"><span class='ocrx_word' id='word_1_154' title='bbox 311 1526 443 1558; x_wconf 83' lang='lat' dir='ltr'>Praesul</span> <span class='ocrx_word' id='word_1_155' title='bbox 466 1525 498 1556; x_wconf 93' lang='lat' dir='ltr'>in</span> <span class='ocrx_word' id='word_1_156' title='bbox 524 1525 713 1566; x_wconf 86' lang='lat' dir='ltr'>Wormatia,</span> 
     </span>
     <span class='ocr_line' id='line_1_28' title="bbox 262 1573 728 1613; baseline -0.002 -8"><span class='ocrx_word' id='word_1_157' title='bbox 262 1574 375 1605; x_wconf 90' lang='lat' dir='ltr'>Almae</span> <span class='ocrx_word' id='word_1_158' title='bbox 399 1573 485 1604; x_wconf 89' lang='lat' dir='ltr'>vitae</span> <span class='ocrx_word' id='word_1_159' title='bbox 508 1573 556 1604; x_wconf 92' lang='lat' dir='ltr'>sic</span> <span class='ocrx_word' id='word_1_160' title='bbox 580 1576 728 1613; x_wconf 87' lang='lat' dir='ltr'>repertae</span> 
     </span>
     <span class='ocr_line' id='line_1_29' title="bbox 307 1621 665 1654; baseline 0 0"><span class='ocrx_word' id='word_1_161' title='bbox 307 1622 425 1654; x_wconf 87' lang='lat' dir='ltr'>Plenus</span> <span class='ocrx_word' id='word_1_162' title='bbox 448 1621 665 1654; x_wconf 85' lang='lat' dir='ltr'>sanctimonia.</span> 
     </span>
    </p>
   </div>
   <div class='ocr_carea' id='block_1_6' title="bbox 207 1678 750 1854">
    <p class='ocr_par' dir='ltr' id='par_1_6' title="bbox 207 1678 750 1854">
     <span class='ocr_line' id='line_1_30' title="bbox 207 1678 694 1718; baseline -0.002 -7"><span class='ocrx_word' id='word_1_163' title='bbox 207 1680 237 1713; x_wconf 87' lang='lat'>2.</span> <span class='ocrx_word' id='word_1_164' title='bbox 263 1678 373 1710; x_wconf 80' lang='lat' dir='ltr'>Nobili</span> <span class='ocrx_word' id='word_1_165' title='bbox 397 1686 435 1710; x_wconf 78' lang='lat' dir='ltr'>ex</span> <span class='ocrx_word' id='word_1_166' title='bbox 460 1687 568 1718; x_wconf 89' lang='lat' dir='ltr'>regum</span> <span class='ocrx_word' id='word_1_167' title='bbox 592 1679 694 1718; x_wconf 89' lang='lat' dir='ltr'>stirpe</span> 
     </span>
     <span class='ocr_line' id='line_1_31' title="bbox 310 1726 707 1768; baseline -0.003 -10"><span class='ocrx_word' id='word_1_168' title='bbox 310 1726 507 1758; x_wconf 83' lang='lat' dir='ltr'>Francorum</span> <span class='ocrx_word' id='word_1_169' title='bbox 532 1729 564 1757; x_wconf 90' lang='lat' dir='ltr'>et</span> <span class='ocrx_word' id='word_1_170' title='bbox 588 1727 707 1768; x_wconf 85' lang='lat' dir='ltr'>accola,</span> 
     </span>
     <span class='ocr_line' id='line_1_32' title="bbox 267 1773 750 1815; baseline 0 -10"><span class='ocrx_word' id='word_1_171' title='bbox 267 1773 389 1815; x_wconf 79' lang='lat' dir='ltr'>Castus,</span> <span class='ocrx_word' id='word_1_172' title='bbox 412 1777 604 1813; x_wconf 87' lang='lat' dir='ltr'>mansuetus,</span> <span class='ocrx_word' id='word_1_173' title='bbox 632 1774 750 1814; x_wconf 91' lang='lat' dir='ltr'>quippe</span> 
     </span>
     <span class='ocr_line' id='line_1_33' title="bbox 309 1820 677 1854; baseline 0.003 -1"><span class='ocrx_word' id='word_1_174' title='bbox 309 1821 504 1854; x_wconf 89' lang='lat' dir='ltr'>Devotorum</span> <span class='ocrx_word' id='word_1_175' title='bbox 529 1820 677 1854; x_wconf 85' lang='lat' dir='ltr'>fo1mu1a.</span> 
     </span>
    </p>
   </div>
   <div class='ocr_carea' id='block_1_7' title="bbox 206 1879 747 2062">
    <p class='ocr_par' dir='ltr' id='par_1_7' title="bbox 206 1879 747 2062">
     <span class='ocr_line' id='line_1_34' title="bbox 206 1879 747 1912; baseline 0.002 -2"><span class='ocrx_word' id='word_1_176' title='bbox 206 1879 236 1912; x_wconf 85' lang='lat'>3.</span> <span class='ocrx_word' id='word_1_177' title='bbox 262 1879 312 1910; x_wconf 90' lang='lat' dir='ltr'>Tu</span> <span class='ocrx_word' id='word_1_178' title='bbox 335 1879 487 1910; x_wconf 89' lang='lat' dir='ltr'>virtutum</span> <span class='ocrx_word' id='word_1_179' title='bbox 512 1882 747 1911; x_wconf 86' lang='lat' dir='ltr'>armamentum</span> 
     </span>
     <span class='ocr_line' id='line_1_35' title="bbox 308 1926 705 1967; baseline -0.003 -8"><span class='ocrx_word' id='word_1_180' title='bbox 308 1927 370 1959; x_wconf 86' lang='lat' dir='ltr'>Per</span> <span class='ocrx_word' id='word_1_181' title='bbox 396 1926 536 1959; x_wconf 89' lang='lat' dir='ltr'>divinam</span> <span class='ocrx_word' id='word_1_182' title='bbox 559 1928 705 1967; x_wconf 85' lang='lat' dir='ltr'>gratiam,</span> 
     </span>
     <span class='ocr_line' id='line_1_36' title="bbox 262 1972 716 2015; baseline 0.002 -10"><span class='ocrx_word' id='word_1_183' title='bbox 262 1973 345 2005; x_wconf 90' lang='lat' dir='ltr'>Eras</span> <span class='ocrx_word' id='word_1_184' title='bbox 370 1974 474 2015; x_wconf 81' lang='lat' dir='ltr'>gregis</span> <span class='ocrx_word' id='word_1_185' title='bbox 500 1972 716 2007; x_wconf 80' lang='lat' dir='ltr'>fulcimentum</span> 
     </span>
     <span class='ocr_line' id='line_1_37' title="bbox 312 2022 723 2062; baseline 0 -9"><span class='ocrx_word' id='word_1_186' title='bbox 312 2022 374 2054; x_wconf 90' lang='lat' dir='ltr'>Per</span> <span class='ocrx_word' id='word_1_187' title='bbox 400 2022 564 2054; x_wconf 86' lang='lat' dir='ltr'>doctrinae</span> <span class='ocrx_word' id='word_1_188' title='bbox 589 2023 723 2062; x_wconf 88' lang='lat' dir='ltr'>copiam.</span> 
     </span>
    </p>
   </div>
   <div class='ocr_carea' id='block_1_8' title="bbox 206 2078 709 2262">
    <p class='ocr_par' dir='ltr' id='par_1_8' title="bbox 206 2078 661 2121">
     <span class='ocr_line' id='line_1_38' title="bbox 206 2078 661 2121; baseline 0.004 -11"><span class='ocrx_word' id='word_1_189' title='bbox 206 2079 237 2110; x_wconf 79' lang='lat'>4.</span> <span class='ocrx_word' id='word_1_190' title='bbox 264 2078 370 2111; x_wconf 85' lang='lat' dir='ltr'>Rebus</span> <span class='ocrx_word' id='word_1_191' title='bbox 394 2079 489 2119; x_wconf 84' lang='lat' dir='ltr'>plene</span> <span class='ocrx_word' id='word_1_192' title='bbox 512 2080 661 2121; x_wconf 85' lang='lat' dir='ltr'>actitasti,</span> 
     </span>
    </p>

    <p class='ocr_par' dir='ltr' id='par_1_9' title="bbox 267 2126 709 2262">
     <span class='ocr_line' id='line_1_39' title="bbox 310 2126 709 2168; baseline 0.003 -10"><span class='ocrx_word' id='word_1_193' title='bbox 310 2127 397 2166; x_wconf 78' lang='lat' dir='ltr'>Quae</span> <span class='ocrx_word' id='word_1_194' title='bbox 423 2126 568 2159; x_wconf 87' lang='lat' dir='ltr'>doctrina</span> <span class='ocrx_word' id='word_1_195' title='bbox 592 2128 709 2168; x_wconf 89' lang='lat' dir='ltr'>sonuit,</span> 
     </span>
     <span class='ocr_line' id='line_1_40' title="bbox 267 2173 682 2219; baseline 0.005 -14"><span class='ocrx_word' id='word_1_196' title='bbox 267 2173 348 2205; x_wconf 86' lang='lat' dir='ltr'>Vere</span> <span class='ocrx_word' id='word_1_197' title='bbox 371 2175 453 2206; x_wconf 89' lang='lat' dir='ltr'>bene</span> <span class='ocrx_word' id='word_1_198' title='bbox 476 2175 682 2219; x_wconf 78' lang='lat' dir='ltr'>praedicasti,</span> 
     </span>
     <span class='ocr_line' id='line_1_41' title="bbox 310 2222 676 2262; baseline 0 -7"><span class='ocrx_word' id='word_1_199' title='bbox 310 2222 357 2255; x_wconf 88' lang='lat' dir='ltr'>Ut</span> <span class='ocrx_word' id='word_1_200' title='bbox 380 2223 540 2262; x_wconf 78' lang='lat' dir='ltr'>scriptura</span> <span class='ocrx_word' id='word_1_201' title='bbox 562 2224 676 2256; x_wconf 84' lang='lat' dir='ltr'>tonuit.</span> 
     </span>
    </p>
   </div>
   <div class='ocr_carea' id='block_1_9' title="bbox 208 2277 718 2463">
    <p class='ocr_par' dir='ltr' id='par_1_10' title="bbox 208 2277 718 2418">
     <span class='ocr_line' id='line_1_42' title="bbox 208 2277 718 2321; baseline 0.006 -12"><span class='ocrx_word' id='word_1_202' title='bbox 208 2278 239 2309; x_wconf 87' lang='lat'>5.</span> <span class='ocrx_word' id='word_1_203' title='bbox 265 2277 351 2311; x_wconf 90' lang='lat' dir='ltr'>Deus</span> <span class='ocrx_word' id='word_1_204' title='bbox 375 2280 468 2311; x_wconf 87' lang='lat' dir='ltr'>homo</span> <span class='ocrx_word' id='word_1_205' title='bbox 493 2279 586 2312; x_wconf 85' lang='lat' dir='ltr'>Jesus</span> <span class='ocrx_word' id='word_1_206' title='bbox 613 2281 718 2321; x_wconf 88' lang='lat' dir='ltr'>coepit</span> 
     </span>
     <span class='ocr_line' id='line_1_43' title="bbox 309 2326 628 2369; baseline 0.006 -11"><span class='ocrx_word' id='word_1_207' title='bbox 309 2326 430 2359; x_wconf 84' lang='lat' dir='ltr'>Facere</span> <span class='ocrx_word' id='word_1_208' title='bbox 454 2330 486 2358; x_wconf 89' lang='lat' dir='ltr'>et</span> <span class='ocrx_word' id='word_1_209' title='bbox 512 2329 628 2369; x_wconf 86' lang='lat' dir='ltr'>docuit,</span> 
     </span>
     <span class='ocr_line' id='line_1_44' title="bbox 264 2373 687 2418; baseline 0.009 -13"><span class='ocrx_word' id='word_1_210' title='bbox 264 2373 381 2406; x_wconf 85' lang='lat' dir='ltr'>Beatus</span> <span class='ocrx_word' id='word_1_211' title='bbox 404 2375 588 2408; x_wconf 78' lang='lat' dir='ltr'>Radbertus</span> <span class='ocrx_word' id='word_1_212' title='bbox 614 2377 687 2418; x_wconf 84' lang='lat' dir='ltr'>egit,</span> 
     </span>
    </p>

    <p class='ocr_par' dir='ltr' id='par_1_11' title="bbox 310 2421 714 2463">
     <span class='ocr_line' id='line_1_45' title="bbox 310 2421 714 2463; baseline 0.012 -10"><span class='ocrx_word' id='word_1_213' title='bbox 310 2421 454 2454; x_wconf 87' lang='lat' dir='ltr'>Dicendo</span> <span class='ocrx_word' id='word_1_214' title='bbox 479 2432 559 2463; x_wconf 86' lang='lat' dir='ltr'>quae</span> <span class='ocrx_word' id='word_1_215' title='bbox 582 2426 714 2459; x_wconf 89' lang='lat' dir='ltr'>monuit.</span> 
     </span>
    </p>
   </div>
   <div class='ocr_carea' id='block_1_10' title="bbox 914 1478 1509 2066">
    <p class='ocr_par' dir='ltr' id='par_1_12' title="bbox 914 1478 1509 2066">
     <span class='ocr_line' id='line_1_46' title="bbox 915 1478 1442 1518; baseline 0.002 -7"><span class='ocrx_word' id='word_1_216' title='bbox 915 1480 945 1512; x_wconf 92' lang='lat'>6.</span> <span class='ocrx_word' id='word_1_217' title='bbox 971 1478 1051 1518; x_wconf 87' lang='lat' dir='ltr'>Ejus</span> <span class='ocrx_word' id='word_1_218' title='bbox 1076 1479 1209 1511; x_wconf 86' lang='lat' dir='ltr'>verbum</span> <span class='ocrx_word' id='word_1_219' title='bbox 1234 1480 1281 1511; x_wconf 91' lang='lat' dir='ltr'>sic</span> <span class='ocrx_word' id='word_1_220' title='bbox 1306 1480 1442 1512; x_wconf 86' lang='lat' dir='ltr'>ornabat</span> 
     </span>
     <span class='ocr_line' id='line_1_47' title="bbox 1019 1526 1332 1570; baseline 0.003 -12"><span class='ocrx_word' id='word_1_221' title='bbox 1019 1526 1078 1559; x_wconf 90' lang='lat' dir='ltr'>Dis</span> <span class='ocrx_word' id='word_1_222' title='bbox 1102 1527 1332 1570; x_wconf 87' lang='lat' dir='ltr'>misericordia,</span> 
     </span>
     <span class='ocr_line' id='line_1_48' title="bbox 972 1575 1473 1615; baseline 0.004 -10"><span class='ocrx_word' id='word_1_223' title='bbox 972 1575 1108 1607; x_wconf 84' lang='lat' dir='ltr'>Rectum</span> <span class='ocrx_word' id='word_1_224' title='bbox 1133 1578 1238 1607; x_wconf 90' lang='lat' dir='ltr'>actum</span> <span class='ocrx_word' id='word_1_225' title='bbox 1265 1575 1473 1615; x_wconf 84' lang='lat' dir='ltr'>dispensabat</span> 
     </span>
     <span class='ocr_line' id='line_1_49' title="bbox 1019 1622 1295 1663; baseline 0.007 -9"><span class='ocrx_word' id='word_1_226' title='bbox 1019 1622 1138 1663; x_wconf 86' lang='lat' dir='ltr'>Pietas,</span> <span class='ocrx_word' id='word_1_227' title='bbox 1159 1623 1295 1663; x_wconf 74' lang='lat' dir='ltr'>Justitia.</span> 
     </span>
     <span class='ocr_line' id='line_1_50' title="bbox 916 1678 1388 1720; baseline 0 -8"><span class='ocrx_word' id='word_1_228' title='bbox 916 1681 949 1713; x_wconf 84' lang='lat'>7.</span> <span class='ocrx_word' id='word_1_229' title='bbox 976 1680 1059 1711; x_wconf 85' lang='lat' dir='ltr'>Tute</span> <span class='ocrx_word' id='word_1_230' title='bbox 1084 1689 1198 1720; x_wconf 87' lang='lat' dir='ltr'>corpus</span> <span class='ocrx_word' id='word_1_231' title='bbox 1224 1678 1388 1720; x_wconf 86' lang='lat' dir='ltr'>affligebas</span> 
     </span>
     <span class='ocr_line' id='line_1_51' title="bbox 1017 1728 1315 1768; baseline 0 -9"><span class='ocrx_word' id='word_1_232' title='bbox 1017 1728 1153 1768; x_wconf 84' lang='lat' dir='ltr'>Vigiliis,</span> <span class='ocrx_word' id='word_1_233' title='bbox 1176 1728 1315 1768; x_wconf 86' lang='lat' dir='ltr'>jejuniis,</span> 
     </span>
     <span class='ocr_line' id='line_1_52' title="bbox 974 1775 1373 1815; baseline 0 -8"><span class='ocrx_word' id='word_1_234' title='bbox 974 1775 1073 1808; x_wconf 91' lang='lat' dir='ltr'>Omne</span> <span class='ocrx_word' id='word_1_235' title='bbox 1098 1784 1177 1815; x_wconf 87' lang='lat' dir='ltr'>opus</span> <span class='ocrx_word' id='word_1_236' title='bbox 1203 1775 1373 1807; x_wconf 82' lang='lat' dir='ltr'>exercebas</span> 
     </span>
     <span class='ocr_line' id='line_1_53' title="bbox 1018 1823 1334 1863; baseline 0 -9"><span class='ocrx_word' id='word_1_237' title='bbox 1018 1823 1138 1863; x_wconf 87' lang='lat' dir='ltr'>Egenis</span> <span class='ocrx_word' id='word_1_238' title='bbox 1163 1825 1194 1854; x_wconf 89' lang='lat' dir='ltr'>et</span> <span class='ocrx_word' id='word_1_239' title='bbox 1218 1823 1334 1855; x_wconf 85' lang='lat' dir='ltr'>viduis.</span> 
     </span>
     <span class='ocr_line' id='line_1_54' title="bbox 914 1880 1410 1923; baseline 0.006 -14"><span class='ocrx_word' id='word_1_240' title='bbox 914 1881 946 1913; x_wconf 87' lang='lat'>8.</span> <span class='ocrx_word' id='word_1_241' title='bbox 973 1880 1074 1912; x_wconf 89' lang='lat' dir='ltr'>Omne</span> <span class='ocrx_word' id='word_1_242' title='bbox 1096 1882 1185 1911; x_wconf 89' lang='lat' dir='ltr'>tuum</span> <span class='ocrx_word' id='word_1_243' title='bbox 1209 1880 1410 1923; x_wconf 81' lang='lat' dir='ltr'>aestimabas,</span> 
     </span>
     <span class='ocr_line' id='line_1_55' title="bbox 1020 1927 1432 1969; baseline 0.005 -10"><span class='ocrx_word' id='word_1_244' title='bbox 1020 1927 1110 1967; x_wconf 78' lang='lat' dir='ltr'>Quod</span> <span class='ocrx_word' id='word_1_245' title='bbox 1133 1928 1226 1968; x_wconf 89' lang='lat' dir='ltr'>inops</span> <span class='ocrx_word' id='word_1_246' title='bbox 1251 1932 1432 1969; x_wconf 89' lang='lat' dir='ltr'>acceperat,</span> 
     </span>
     <span class='ocr_line' id='line_1_56' title="bbox 972 1975 1434 2020; baseline 0.006 -14"><span class='ocrx_word' id='word_1_247' title='bbox 972 1975 1141 2015; x_wconf 78' lang='lat' dir='ltr'>Reliquum</span> <span class='ocrx_word' id='word_1_248' title='bbox 1165 1977 1434 2020; x_wconf 80' lang='lat' dir='ltr'>parvipendebas,</span> 
     </span>
     <span class='ocr_line' id='line_1_57' title="bbox 1018 2023 1509 2066; baseline 0.008 -12"><span class='ocrx_word' id='word_1_249' title='bbox 1018 2023 1109 2063; x_wconf 78' lang='lat' dir='ltr'>Quod</span> <span class='ocrx_word' id='word_1_250' title='bbox 1133 2024 1257 2056; x_wconf 86' lang='lat' dir='ltr'>luorum</span> <span class='ocrx_word' id='word_1_251' title='bbox 1282 2034 1346 2057; x_wconf 90' lang='lat' dir='ltr'>non</span> <span class='ocrx_word' id='word_1_252' title='bbox 1367 2029 1509 2066; x_wconf 79' lang='lat' dir='ltr'>aggerat.</span> 
     </span>
    </p>
   </div>
   <div class='ocr_carea' id='block_1_11' title="bbox 914 2079 1500 2265">
    <p class='ocr_par' dir='ltr' id='par_1_13' title="bbox 914 2079 1500 2265">
     <span class='ocr_line' id='line_1_58' title="bbox 914 2079 1378 2122; baseline 0.002 -10"><span class='ocrx_word' id='word_1_253' title='bbox 914 2082 945 2113; x_wconf 87' lang='lat'>9.</span> <span class='ocrx_word' id='word_1_254' title='bbox 970 2081 1049 2113; x_wconf 88' lang='lat' dir='ltr'>Alta</span> <span class='ocrx_word' id='word_1_255' title='bbox 1073 2079 1160 2113; x_wconf 84' lang='lat' dir='ltr'>fama</span> <span class='ocrx_word' id='word_1_256' title='bbox 1183 2081 1287 2122; x_wconf 87' lang='lat' dir='ltr'>longe,</span> <span class='ocrx_word' id='word_1_257' title='bbox 1312 2082 1378 2113; x_wconf 85' lang='lat' dir='ltr'>late</span> 
     </span>
     <span class='ocr_line' id='line_1_59' title="bbox 1020 2128 1500 2172; baseline 0.008 -12"><span class='ocrx_word' id='word_1_258' title='bbox 1020 2128 1172 2161; x_wconf 87' lang='lat' dir='ltr'>Sanctum</span> <span class='ocrx_word' id='word_1_259' title='bbox 1196 2130 1301 2162; x_wconf 89' lang='lat' dir='ltr'>virum</span> <span class='ocrx_word' id='word_1_260' title='bbox 1325 2134 1500 2172; x_wconf 85' lang='lat' dir='ltr'>sparserat,</span> 
     </span>
     <span class='ocr_line' id='line_1_60' title="bbox 969 2177 1408 2210; baseline 0.005 -2"><span class='ocrx_word' id='word_1_261' title='bbox 969 2177 1107 2209; x_wconf 88' lang='lat' dir='ltr'>Prorsus</span> <span class='ocrx_word' id='word_1_262' title='bbox 1131 2177 1247 2209; x_wconf 86' lang='lat' dir='ltr'>multos</span> <span class='ocrx_word' id='word_1_263' title='bbox 1270 2178 1408 2210; x_wconf 83' lang='lat' dir='ltr'>indilate</span> 
     </span>
     <span class='ocr_line' id='line_1_61' title="bbox 1017 2225 1414 2265; baseline 0.008 -8"><span class='ocrx_word' id='word_1_264' title='bbox 1017 2225 1073 2257; x_wconf 87' lang='lat' dir='ltr'>Ad</span> <span class='ocrx_word' id='word_1_265' title='bbox 1096 2225 1202 2265; x_wconf 88' lang='lat' dir='ltr'>ipsum</span> <span class='ocrx_word' id='word_1_266' title='bbox 1225 2228 1414 2260; x_wconf 73' lang='lat' dir='ltr'>attraxerat.</span> 
     </span>
    </p>
   </div>
   <div class='ocr_carea' id='block_1_12' title="bbox 890 2282 1406 2463">
    <p class='ocr_par' dir='ltr' id='par_1_14' title="bbox 890 2282 1406 2463">
     <span class='ocr_line' id='line_1_62' title="bbox 890 2282 1342 2323; baseline 0.002 -8"><span class='ocrx_word' id='word_1_267' title='bbox 890 2282 944 2315; x_wconf 84' lang='lat'>10.</span> <span class='ocrx_word' id='word_1_268' title='bbox 971 2282 1147 2323; x_wconf 85' lang='lat' dir='ltr'>Religionis</span> <span class='ocrx_word' id='word_1_269' title='bbox 1172 2284 1342 2317; x_wconf 76' lang='lat' dir='ltr'>veritatem</span> 
     </span>
     <span class='ocr_line' id='line_1_63' title="bbox 1018 2332 1361 2365; baseline 0 -1"><span class='ocrx_word' id='word_1_270' title='bbox 1018 2332 1137 2364; x_wconf 89' lang='lat' dir='ltr'>Puram</span> <span class='ocrx_word' id='word_1_271' title='bbox 1162 2341 1198 2364; x_wconf 90' lang='lat' dir='ltr'>eo</span> <span class='ocrx_word' id='word_1_272' title='bbox 1225 2333 1361 2365; x_wconf 90' lang='lat' dir='ltr'>audiunt</span> 
     </span>
     <span class='ocr_line' id='line_1_64' title="bbox 972 2379 1370 2420; baseline 0.005 -9"><span class='ocrx_word' id='word_1_273' title='bbox 972 2379 1151 2420; x_wconf 88' lang='lat' dir='ltr'>Omnesque</span> <span class='ocrx_word' id='word_1_274' title='bbox 1175 2381 1370 2413; x_wconf 85' lang='lat' dir='ltr'>anxietatem</span> 
     </span>
     <span class='ocr_line' id='line_1_65' title="bbox 1017 2427 1406 2463; baseline 0.005 -3"><span class='ocrx_word' id='word_1_275' title='bbox 1017 2427 1136 2460; x_wconf 80' lang='lat' dir='ltr'>Moesti</span> <span class='ocrx_word' id='word_1_276' title='bbox 1159 2429 1221 2461; x_wconf 85' lang='lat' dir='ltr'>cito</span> <span class='ocrx_word' id='word_1_277' title='bbox 1244 2429 1406 2463; x_wconf 88' lang='lat' dir='ltr'>deserunt.</span> 
     </span>
    </p>
   </div>
  </div>
 </body>
</html>
