1653 2668
716 128 950 163 „73-

184 229 237 263 17.
266 228 364 260 Curre
387 236 480 268 nunc,
506 226 723 267 moestissima,

310 275 447 308 Brachia
470 277 620 312 sustenta,

263 323 349 363 Quae
372 326 446 355 sunt
468 322 579 354 mortis
606 319 725 361 frigore

308 370 424 411 Rigide
449 370 594 411 distenta,

260 419 320 451 His
344 416 455 459 infigas
477 417 585 449 oscula

311 465 440 498 Centum
466 465 517 497 vel
543 465 686 504 ducenta,

263 513 331 545 Nec
355 513 460 554 credo,
485 512 568 552 quod
594 510 692 544 fueris

306 560 459 593 Ducentis
486 561 643 592 contenta.

228 654 234 661 .
262 627 332 660 Jam
356 626 402 658 nil
425 635 560 667 parcens
585 625 713 658 vocibus

305 674 455 707 Planctus
482 675 524 706 da
546 673 709 716 mugitum,

257 721 428 760 Lacrimas,
454 721 592 762 suspiria

306 767 419 802 Profer
444 772 476 801 et
504 769 651 811 rugitum,

257 817 338 849 Nam
362 818 465 849 scelus
490 817 564 848 huic
586 816 692 849 simile

306 864 475 905 Nunquam
500 867 549 896 est
571 864 724 908 auditum,

257 912 320 944 Sed
344 920 404 944 nec
429 912 487 944 erit
511 912 634 952 uspiam

302 959 382 992 Tale
406 960 585 1000 repetitum.

222 1052 228 1058 .
254 1026 390 1059 Manans
416 1027 456 1059 de
480 1026 663 1059 vulneribus

302 1073 402 1107 Cruor
429 1075 605 1115 colligatur,

254 1122 291 1153 In
316 1121 440 1161 signum
464 1122 634 1154 memoriae

301 1169 400 1209 Peplo
427 1170 565 1202 leniatur

255 1216 422 1250 Cateracta
447 1217 560 1257 capitis

302 1264 404 1306 Nunc,
428 1268 539 1303 mater,
566 1268 741 1307 rumpatur,

252 1311 297 1343 Et
323 1312 363 1344 de
388 1313 493 1345 cordis
516 1313 636 1344 intimis

301 1358 443 1392 Gemitus
466 1361 590 1394 edatur.

861 226 915 258 20.
944 226 969 259 O
993 233 1085 266 quam
1110 223 1221 256 matris
1246 224 1381 256 miserae

855 626 910 658 21.

852 1028 907 1060 22.

990 272 1052 305 Cor
1071 272 1139 311 jam
1164 272 1359 312 syncopizat,

940 319 1040 353 Dolor
1063 319 1237 352 indicibilis

986 369 1076 401 Intus
1103 367 1291 408 colaphizat,

940 416 1012 449 Jam
1037 415 1143 447 Maria
1165 415 1296 448 Martha
1319 413 1365 455 fit,

986 463 1058 496 Jam
1081 472 1145 495 non
1170 462 1358 505 sabbatizat,

940 511 1039 551 Quam
1063 510 1217 542 moeroris
1242 510 1356 543 fluvius

985 557 1132 591 Pei-fecte
1158 557 1309 597 baptizat.

938 624 991 658 Sic
1014 628 1088 665 post
1111 627 1160 657 tot
1186 624 1348 666 angustias

982 674 1030 707 Ut
1054 673 1096 704 sit
1119 672 1292 705 tumulatus

936 721 956 754 J
959 730 1039 763 esus,
1065 720 1216 753 mundam
1241 719 1415 760 syndonem

982 769 1103 809 Joseph
1128 771 1177 800 est
1198 770 1369 806 mercatus,

934 816 973 849 In
999 825 1061 857 qua
1081 817 1103 850 J
1107 824 1177 847 esus
1197 816 1322 855 positus

980 864 1042 896 Est
1064 863 1233 904 sepulchro
1260 863 1362 904 datus,

934 911 1049 952 Sicque
1074 921 1144 944 cum
1169 910 1353 943 custodibus

979 960 1078 1000 Lapis
1103 962 1152 991 est
1179 959 1331 1000 signatus.

934 1026 1022 1069 JeSU,
1048 1035 1105 1059 rex
1128 1026 1321 1066 misericors,

982 1075 1031 1106 Tu
1055 1075 1108 1114 qui
1133 1074 1181 1105 sic
1204 1074 1310 1113 obisti,

931 1121 994 1154 Per
1020 1130 1162 1154 cruorem
1187 1122 1362 1163 vulnerum,

979 1170 1077 1210 Quem
1103 1170 1143 1201 de
1166 1172 1199 1200 te
1222 1168 1346 1212 fudisti,

929 1217 1026 1249 Mitte
1049 1217 1140 1249 nobis
1164 1216 1322 1257 spiritum,

979 1265 1077 1304 Quem
1103 1265 1166 1296 tuis
1190 1264 1317 1298 misisti,

932 1312 983 1344 Ne
1005 1313 1166 1352 relinquas
1191 1312 1351 1352 orphanos

979 1361 1062 1400 Quos
1087 1360 1134 1392 sic
1158 1359 1333 1392 redemisti.

244 1425 312 1453 Cod.
335 1424 538 1464 Cantabrigen.
558 1427 603 1455 Ee
622 1427 664 1454 V1
683 1426 729 1457 29.
752 1436 820 1456 saec
851 1424 894 1454 15.
909 1442 947 1447 -
971 1425 1015 1461 13,
1029 1425 1047 1455 8
1069 1427 1209 1454 consuisti
1221 1428 1323 1463 gratis.
1336 1439 1375 1444 —
1390 1423 1434 1459 19,
1454 1422 1474 1452 4

165 1464 310 1492 lemiatur.

644 1557 690 1590 56.
728 1559 875 1590 Planctus
895 1558 981 1591 BMV.

169 1639 199 1672 1.
224 1639 297 1679 Eja,
325 1639 413 1679 virgo
438 1639 588 1679 gloriosa,

229 1687 389 1726 Quondam
417 1687 529 1719 Noemi
555 1686 703 1730 formosa,

224 1734 364 1767 Pulchra
388 1737 465 1774 tota,
493 1744 645 1770 amorosa,

225 1781 289 1814 Sed
314 1790 397 1813 nunc
419 1782 514 1814 Mara
539 1782 695 1816 dolorosa.

192 1874 198 1881 .
225 1849 288 1882 Gur
313 1849 360 1880 sic
383 1849 469 1881 cruci
493 1849 602 1881 adstas
627 1848 700 1893 fixa,

227 1896 383 1930 Crucifixo
409 1897 456 1929 sic
478 1897 596 1939 innixa,

225 1945 272 1978 Ut
297 1945 406 1977 dolore
429 1945 473 1977 sis
497 1944 661 1985 transfixa,

223 1992 396 2032 Tamquam
421 1993 525 2033 ipsum
549 1993 593 2024 sis
624 1993 739 2026 enixa?

192 2084 199 2091 .
226 2059 388 2098 Quondam
413 2060 470 2092 illa
494 2060 648 2100 speciosa,

227 2107 355 2140 Cunctis
381 2108 450 2139 visu
474 2108 623 2148 gratiosa,

223 2154 317 2186 Nunc
337 2164 480 2187 moerore
504 2155 659 2194 nubilosa,

224 2201 370 2245 Gemens,
396 2204 506 2244 tristis,
533 2204 711 2236 lacrimosa.

189 2294 196 2301 .
223 2268 317 2301 Unde
344 2271 500 2302 cruciatus
524 2270 595 2314 sibi,

224 2316 327 2355 Quare
351 2319 457 2350 tantus
484 2318 575 2351 dolor
600 2318 687 2351 tibi?

226 2363 350 2396 Forsan
372 2374 467 2398 causa
490 2367 571 2399 latet
597 2366 642 2398 ibi

222 2412 338 2455 Major,
364 2417 471 2452 posset
496 2424 588 2454 quam
615 2415 761 2449 describi.

848 1642 868 1674 5

907 1641 982 1680 Quis
1007 1649 1063 1673 vos
1088 1638 1198 1671 ambos
1222 1639 1270 1672 sio
1296 1637 1435 1678 confixit,

905 1689 981 1728 Quis
1008 1688 1117 1720 dolore
1139 1686 1187 1718 sic
1212 1685 1350 1719 afflixit?

904 1735 1020 1767 Nullus
1045 1735 1138 1766 homo
1164 1743 1301 1775 unquam
1328 1734 1417 1772 vixit,

903 1783 998 1822 Quem
1021 1783 1068 1814 sic
1091 1785 1199 1814 tantus
1226 1782 1318 1814 dolor
1342 1780 1444 1815 frixit.

905 1850 991 1889 Quae
1017 1849 1135 1882 doloris
1160 1848 1254 1888 hujus
1281 1857 1377 1881 eausa

904 1898 951 1930 Te
974 1898 1106 1929 tristare
1129 1895 1191 1928 fuit
1215 1906 1303 1936 ausa,

903 1945 1000 1978 Latet
1023 1945 1128 1977 adhuc
1152 1945 1186 1976 in
1211 1948 1244 1977 te
1270 1946 1388 1984 clausa,

903 1994 933 2025 A
959 1994 1078 2036 dolore,
1105 2001 1233 2032 quaeso,
1259 2002 1369 2033 pausa.

871 2086 878 2093 .
902 2060 1005 2092 Estne
1026 2060 1083 2092 ille
1106 2060 1168 2091 tibi
1194 2062 1297 2103 pater,

904 2107 1067 2149 Numquid
1083 2117 1218 2148 sponsus
1229 2111 1278 2140 est
1288 2111 1343 2140 aut
1355 2106 1468 2147 frater,

903 2156 970 2188 Aut
993 2165 1067 2188 num
1090 2156 1152 2188 sibi
1176 2158 1213 2188 tu
1237 2166 1270 2188 es
1294 2159 1406 2198 mater,

903 2204 992 2243 Quod
1018 2207 1051 2236 te
1074 2207 1201 2246 torquet
1225 2205 1316 2237 dolor
1339 2202 1433 2236 ater?

869 2297 876 2304 .
903 2271 990 2304 Pone
1012 2271 1141 2304 modum
1164 2280 1250 2304 nunc
1275 2271 1387 2315 dolori,

905 2319 1155 2360 Appropinquas
1179 2328 1254 2352 nam
1275 2320 1432 2360 languori,

902 2366 947 2399 Et
973 2370 1022 2399 est
1044 2368 1137 2400 nobis
1158 2368 1225 2410 jam
1249 2367 1367 2410 timori,

903 2414 954 2448 Ne
979 2419 1009 2448 et
1030 2419 1063 2448 te
1087 2416 1251 2456 contingat
1274 2416 1364 2448 mori.
