1653 2668
707 140 944 175 ...46-

639 252 688 283 24.
725 252 770 284 De
791 253 901 285 sancta
922 251 1030 284 Gruce.

204 361 210 368 .
238 335 342 375 Salve,
367 335 477 367 mundi
501 342 574 374 spes
595 332 771 375 praeclara,

286 383 378 416 Saius
402 383 436 415 in
462 380 642 424 certamine,

236 430 345 463 Arbor
368 430 456 462 vitae
478 438 541 461 non
565 429 677 469 ignara

287 477 425 510 Salutari
450 476 599 518 germine,

238 526 331 558 Scala
357 525 446 565 coeli,
474 523 575 556 crucis
599 533 664 563 ara,

283 573 368 613 Agni
393 572 510 605 rubens
532 571 694 611 sanguine.

203 670 209 676 .
236 644 340 677 Decus
364 643 466 686 bonis,
491 651 595 683 poena
618 642 721 682 malis,

285 692 421 724 Sanctae
445 691 548 723 crucis
574 690 685 732 gloria,

237 739 354 772 Mortis
379 739 505 778 victrix,
531 747 590 770 arx
611 737 729 777 vitalis,

282 786 440 819 Vitiorum
463 786 568 818 scoria

236 834 346 867 Rubor
370 835 497 873 palmae
519 833 707 865 immortalis

283 882 364 922 Ejus
386 880 451 914 fert
474 881 636 915 memoria.

203 979 213 987 .
241 953 325 986 Crux
348 952 429 985 haec
452 955 586 985 mortem
609 952 781 995 interemit,

285 1000 380 1033 Vitae
403 1003 514 1041 portas
539 1000 654 1041 aperit,

237 1048 371 1088 Captum
394 1048 553 1080 hominem
576 1047 721 1086 redemit,

285 1096 377 1128 Vires
401 1096 502 1128 hostis
528 1095 672 1135 conterit,

239 1143 359 1176 Cohors
383 1142 549 1175 infernalis
573 1143 680 1183 gemit,

286 1190 363 1223 Cum
390 1200 467 1223 crux
493 1190 652 1223 Christum
677 1191 790 1224 exerit.

204 1289 212 1297 .
238 1263 347 1302 Ipsum
373 1265 477 1294 autem
503 1262 605 1294 crucis
628 1262 749 1302 lignum

285 1309 382 1341 Vetus
408 1310 522 1342 scribit
544 1310 648 1350 litera,

235 1357 326 1398 Quod
351 1358 501 1397 amplecti
527 1357 615 1389 duxit
642 1357 770 1397 dignum

285 1405 372 1437 Deus
397 1414 509 1446 regens
535 1405 675 1447 aethera,

237 1452 371 1485 Hostem
397 1456 561 1485 conterens
584 1452 758 1493 malignum

283 1499 399 1532 Mundi
422 1501 497 1533 tulit
520 1500 652 1534 scelera.

204 1596 212 1605 .
239 1571 344 1604 Adam
369 1571 455 1613 ligno
479 1572 575 1604 morti
601 1572 704 1615 datur,

284 1619 393 1659 Ipsum
419 1629 496 1652 crux
521 1618 672 1660 vivificat,

236 1668 328 1700 Hanc
353 1668 453 1708 Isaac,
481 1668 556 1700 dum
579 1667 771 1709 immolatur,

283 1714 386 1755 Ligna
409 1719 541 1755 portans
565 1715 698 1755 indicat,

235 1762 306 1794 Noe
327 1762 441 1803 justus,
470 1772 511 1794 ne
535 1766 705 1804 mergatur,

283 1811 402 1842 Arcam
426 1811 511 1851 ligno
536 1809 682 1844 fabricat.

204 1908 212 1915 .
237 1881 329 1913 Thau
352 1891 412 1921 pro
437 1882 526 1922 signo
550 1884 615 1914 stat
639 1884 778 1915 erectum

286 1929 363 1962 Cum
388 1933 537 1970 serpente
560 1931 710 1970 pendulo,

237 1978 331 2018 Aqua
353 1977 474 2018 lignum
496 1987 556 2018 per
579 1978 732 2018 injectum

282 2024 395 2057 Dulcis
419 2025 457 2058 fit
479 2026 513 2057 in
537 2026 662 2067 poculo,

238 2073 313 2105 Sitis
339 2072 472 2105 abstulit
497 2072 656 2106 defectum

284 2121 381 2153 Petra
405 2124 491 2154 tacta
515 2121 639 2156 baculo.

204 2217 210 2223 .
235 2192 426 2232 Moysesque
449 2192 579 2225 rubrum
604 2202 693 2225 mare

285 2239 386 2280 Ligno
412 2240 488 2273 fecit
513 2241 668 2282 pervium,

239 2287 339 2327 Ligno
365 2286 443 2321 fecit
466 2288 588 2321 ferrum
610 2298 689 2322 nare

283 2335 425 2369 Helisaei
449 2337 599 2380 studium,

236 2383 336 2423 Virga
358 2383 437 2425 legis
461 2386 602 2417 salutare

287 2430 397 2464 Crucis
420 2431 458 2465 fit
481 2433 692 2475 praesagium.

885 334 916 366 8.

943 332 1080 364 Sanctae
1105 331 1207 364 crucis
1229 331 1280 363 his
1304 329 1415 371 figuris

989 379 1118 412 Eminet
1142 379 1265 420 religio,

943 427 1027 466 Quas
1053 427 1213 468 excerpsit
1238 427 1278 459 de
1302 426 1471 466 scripturis

988 474 1085 507 Fidei
1110 475 1228 515 opinio,

942 522 1062 563 Quibus
1085 524 1173 555 lucet
1197 522 1294 554 corde
1318 521 1408 562 puris

992 570 1101 603 Crucis
1126 570 1286 611 figuratio.

883 643 915 675 9.
938 641 1021 674 Erat
1041 641 1149 682 impiis
1174 639 1318 673 horroris

862 953 917 986 10.

862 1262 918 1295 11.

861 1573 917 1605 12.

862 1883 916 1917 13.

990 689 1073 721 Olim
1099 698 1176 721 crux
1202 687 1406 728 supplicium,

942 736 1036 768 Nunc
1059 737 1212 769 vexillum
1237 738 1286 767 est
1309 735 1440 767 honoris

988 784 1035 816 Et
1058 784 1170 817 salutis
1194 782 1382 824 praemium,

942 832 1027 864 Tuta
1054 832 1143 872 quies
1169 834 1202 863 et
1227 830 1368 863 dulcoris

992 880 1101 912 Intimi
1125 879 1332 920 praesidium.

944 952 1015 985 Hoc
1039 951 1141 984 altare
1168 950 1335 983 dedicatur

989 998 1076 1039 Agni
1100 999 1163 1031 Dei
1182 998 1322 1038 victima,

943 1047 1028 1079 Dum
1050 1046 1085 1079 in
1108 1047 1180 1087 ipso
1204 1045 1385 1078 trucidatur

991 1094 1053 1126 Per
1077 1096 1236 1127 tormenta
1259 1093 1409 1133 maxima,

941 1141 1036 1174 Foris
1063 1150 1136 1174 caro
1160 1140 1355 1182 perforatur,

990 1190 1081 1222 Intus
1108 1190 1194 1222 dolet
1218 1189 1333 1222 anima.

944 1261 1074 1294 Adsunt
1097 1261 1241 1301 spongia,
1267 1259 1322 1303 fel,
1350 1262 1453 1303 sputa,

990 1308 1067 1341 Cum
1092 1311 1183 1341 aceto
1207 1309 1319 1348 spinea

943 1358 994 1389 Ac
1016 1355 1153 1397 fiageHa,
1181 1366 1261 1396 sors,
1288 1364 1351 1387 vox
1374 1358 1472 1396 muta,

989 1404 1077 1436 Alba
1102 1413 1172 1436 oum
1195 1412 1370 1445 purpurea,

945 1451 1063 1492 Canna,
1090 1451 1189 1484 facies
1213 1451 1347 1491 polluta,

988 1499 1107 1541 Funes,
1134 1499 1227 1542 clavi,
1253 1500 1374 1531 lancea.

945 1571 1035 1603 Haec
1058 1574 1133 1603 sunt
1156 1580 1245 1603 arma
1272 1569 1415 1601 caritatis

990 1619 1086 1651 Vitae
1105 1617 1354 1659 propugnacula,

943 1666 1063 1707 Quibus
1088 1667 1174 1698 Deus
1199 1668 1309 1697 nostra
1333 1664 1432 1704 gratis

989 1713 1094 1746 Diluit
1117 1713 1253 1754 piacula,

944 1762 1004 1794 His
1031 1770 1086 1793 cor
1107 1764 1251 1793 nostrum
1277 1759 1423 1800 cogitatis

990 1809 1113 1843 Cuncta
1137 1807 1202 1840 fert
1228 1807 1425 1841 abscondita.

942 1881 1003 1914 His
1029 1881 1181 1913 vexillum
1206 1880 1349 1912 salutare

993 1929 1141 1961 Tinctum
1167 1927 1405 1961 characteribus

940 1977 1020 2009 Fert
1043 1979 1186 2009 tutamen
1210 1976 1372 2017 singulare

992 2024 1115 2064 Spiritu
1137 2024 1344 2065 pauperibus,

941 2072 1002 2113 Qui
1021 2071 1079 2103 sub
1106 2073 1174 2113 ejus
1198 2072 1339 2105 militare

994 2119 1134 2160 Cupiunt
1153 2120 1321 2154 lateribuS.

862 2193 918 2226 14.
946 2192 971 2225 O
999 2200 1086 2233 crux,
1112 2193 1200 2225 vitae
1224 2192 1393 2230 medicina,

993 2240 1073 2280 Spes
1097 2241 1210 2273 salutis
1236 2241 1341 2279 unica,

945 2288 1063 2320 Parum
1087 2289 1233 2330 pondera
1256 2288 1379 2321 reclina

990 2336 1046 2368 Ad
1068 2340 1214 2379 aegrotos
1240 2337 1369 2378 coelica,

945 2384 1155 2418 Peccatorum
1182 2386 1222 2418 de
1246 2385 1373 2417 sentina

991 2433 1118 2467 Levans
1142 2443 1200 2466 nos
1225 2432 1378 2467 salvifica.
