1653 2668
727 127 988 163 —247-

189 225 244 258 73.
274 224 387 264 Tuam,
413 224 503 257 Deus
528 228 653 269 potens,
683 226 747 267 pie,

318 272 398 305 mihi
422 282 550 305 manum
575 274 705 315 porrige

272 320 319 353 Et
346 320 480 362 dignare
505 321 685 363 sublevare,

319 372 453 409 peccata
480 369 642 402 dimittere

271 416 342 449 Nec
366 426 429 449 non
455 421 553 457 atque
579 418 737 451 collocare

319 465 353 498 in
379 465 511 498 coelesti
535 466 655 507 requie.

191 533 244 567 74.
272 531 362 565 Erue
386 541 450 573 me,
477 535 562 576 peto,
589 533 679 574 meis,

322 581 469 625 Domine,
496 579 639 622 flagitiiS,

275 628 395 668 Quibus
420 631 454 661 te
479 628 597 662 offendi
623 638 721 669 grave

323 678 496 710 retroactis
521 676 658 709 saeculis

273 724 319 757 Et
344 734 429 757 nunc
455 734 580 766 quoque
601 725 697 766 plura
713 724 829 766 priscis

325 773 412 805 addo
438 782 522 806 nova
545 773 691 808 maculis.

883 227 938 260 75.
965 225 1079 259 Deduc
1102 235 1153 257 me
1178 226 1210 257 in
1236 225 1320 258 viam
1345 224 1446 265 pacis,

1014 283 1082 306 cum
1110 274 1200 306 obire
1220 273 1369 315 jusseriS,

965 323 1140 363 Portioque
1163 322 1241 354 mihi
1264 322 1346 353 lucis

1015 373 1092 402 tunc
1115 372 1260 410 patescat
1284 369 1429 410 perpetis

972 417 1165 458 Merearque
1189 427 1259 450 cum
1283 417 1386 450 beatis

1013 469 1047 498 te
1070 467 1206 499 laudare
1230 466 1363 506 angelis.

888 534 942 567 76.
971 532 1092 576 Gloria,
1118 533 1199 574 laus,
1225 533 1327 565 honor
1351 533 1446 574 patri,

1018 581 1103 621 proli
1126 590 1165 613 ac
1188 581 1327 622 spiritui,

972 628 1023 662 Ex
1049 628 1202 661 ambobus
1223 628 1413 669 procedenti

1024 680 1100 709 ante
1124 686 1216 709 orsus
1241 677 1372 715 saeculi,

969 724 1122 758 Trinitati
1145 725 1201 757 lux
1226 724 1375 765 perennis

1012 774 1135 806 unitate
1160 773 1296 815 perpeti.

268 839 340 866 Cori.
370 838 642 875 Gratianopolitan.
669 837 718 873 (ol.
745 838 868 874 Majoris
898 838 1081 874 Carthusiae)
1108 836 1164 867 265
1195 847 1271 867 saec.
1302 837 1344 866 12.
1369 854 1409 858 —
1440 837 1470 872 1,
1501 853 1519 866 ,2

190 885 294 914 precor
317 878 401 905 alme.
422 893 461 898 —
482 875 527 911 21,
548 876 569 905 4
588 877 721 914 plasmae
743 879 814 905 stat-t
833 877 997 914 plasmatis
1018 891 1057 896 —
1076 875 1122 912 36,
1143 876 1163 905 4
1185 878 1362 914 praecipere.
1376 892 1416 896 —
1434 875 1480 910 38,
1501 875 1519 904 5

190 915 363 944 suilliviam.
383 930 421 934 —
440 915 495 949 45,
523 914 539 943 1
560 924 638 943 nunc
658 918 751 952 prius.
772 930 808 934 —
829 913 883 949 45,
915 916 932 942 ’ἰ
951 917 1026 944 Tam
1045 916 1212 944 elementer.
1232 930 1270 934 —
1291 914 1345 950 45,
1371 913 1388 942 5
1409 923 1453 951 sq.
1475 916 1517 937 sie

190 955 329 992 (lignatus
350 963 405 982 nec
425 957 483 983 mei
504 956 596 982 ocius.
617 969 656 973 —
676 952 726 989 52,
754 952 771 982 5
794 954 858 988 Que
877 955 909 981 in
928 956 1000 982 vita.
1023 970 1057 974 —
1079 951 1128 987 56,
1148 952 1168 982 4
1188 954 1346 991 produleis.
1376 968 1406 972 -—
1428 952 1478 987 59,
1502 954 1518 980 6

190 993 388 1021 lamentorum
409 994 506 1022 ablue.
528 1008 566 1012 -—
588 990 633 1027 61,
655 990 674 1021 3
693 994 797 1021 mortis
818 994 850 1020 in
869 1001 938 1020 una.
959 1006 996 1011 —-
1017 990 1063 1027 64,
1085 990 1101 1019 Γ
1124 1001 1188 1020 eum
1208 992 1280 1020 filio.
1360 991 1386 1026 7,
1412 991 1432 1020 4
1453 999 1521 1020 orsa

193 1031 315 1060 saeculi.

577 1171 648 1203 223.
688 1172 733 1203 De
753 1171 913 1203 Praelatis
935 1172 967 1203 et
985 1170 1133 1203 subditis.

191 1283 223 1315 1.
250 1281 332 1325 Rex,
360 1281 400 1314 cle
426 1282 514 1313 coelo
539 1281 676 1322 respice,

299 1330 395 1362 visita
422 1330 604 1373 clementer,

252 1377 353 1417 Quam
377 1377 543 1418 plantasti,
570 1379 705 1421 vineam,

300 1433 382 1466 quae
405 1426 492 1465 perit
515 1424 719 1467 frequentem

252 1473 411 1513 Cultores,
438 1482 519 1514 quae
544 1483 602 1506 sua
626 1476 710 1514 sunt,

301 1525 460 1563 quaerunt
483 1522 654 1562 diligenter

251 1570 450 1610 vineamque
474 1570 605 1602 Domini

300 1619 408 1652 colunt
432 1617 642 1659 negligenter.

191 1689 225 1722 2.
252 1686 336 1727 Heu,
362 1688 509 1726 pastores
535 1686 642 1717 ovium

299 1734 358 1767 sub
384 1734 499 1767 umbra
524 1734 701 1776 quiescunt,

251 1782 294 1816 Se
317 1783 353 1815 in
377 1781 599 1823 voluptatibus

298 1839 434 1872 pascere
457 1832 649 1863 assuescunt

250 1879 297 1913 Et
322 1879 444 1914 Christi
471 1879 615 1912 oviculas

301 1936 436 1968 pascere
459 1928 655 1970 pigrescunt,

250 1975 301 2009 De
326 1975 441 2017 quibus
465 1976 585 2009 victum
610 1976 725 2008 tollere

297 2025 429 2057 minime
452 2027 640 2065 pavescunt.

192 2095 223 2127 3.
253 2092 405 2126 Pastores
432 2092 588 2125 ecclesiae

297 2141 448 2174 dicuntur
472 2140 623 2181 praelati,

248 2190 374 2230 Injuste
398 2188 461 2221 hoc
484 2189 612 2221 nomine

298 2238 346 2270 sic
372 2239 447 2270 sunt
468 2236 655 2277 nuncupati,

248 2286 312 2320 Pro
338 2294 436 2328 grege
462 2285 620 2318 dominico

299 2344 362 2368 non
386 2334 455 2375 jam
482 2336 558 2366 sunt
582 2334 689 2375 parati

248 2383 417 2418 Laborare
442 2386 583 2424 strenue,

299 2436 337 2467 ut
362 2433 523 2474 quondam
547 2430 645 2464 beati.

885 1282 919 1314 4.
944 1280 1047 1313 Nemo
1072 1280 1182 1313 turbat
1206 1289 1334 1322 gregem
1361 1281 1434 1320 plus

994 1337 1087 1369 quam
1113 1329 1242 1369 quidam
1266 1332 1424 1371 pastores,

948 1377 1069 1410 Vitiose
1094 1378 1259 1418 negligunt

989 1425 1058 1464 jam
1082 1423 1262 1465 inferiores,

945 1472 1136 1505 Innocentes
1161 1473 1347 1513 opprimunt

996 1524 1028 1552 et
1050 1521 1182 1553 turbant
1204 1521 1352 1553 meliores

947 1568 993 1600 Et
1017 1570 1135 1601 amicos
1161 1567 1349 1609 praeferunt

994 1617 1130 1649 multum
1155 1617 1295 1651 vilioreS.

911 1710 918 1717 .
945 1683 1043 1723 Dens
1071 1693 1165 1725 quam
1189 1684 1347 1717 mirabilis

993 1732 1098 1772 Hujus
1122 1734 1233 1765 mundi
1258 1735 1370 1774 status,

947 1781 1031 1814 Nam
1055 1781 1084 1813 si
1108 1780 1364 1821 simplicissimus

994 1828 1110 1861 Fuerit
1132 1830 1305 1873 praelatus,

947 1878 1009 1911 Hic
1032 1877 1064 1909 in
1091 1877 1183 1910 brevi
1207 1880 1352 1918 tempore

997 1925 1096 1958 Totus
1122 1924 1160 1957 fit
1184 1928 1336 1967 mutatus,

946 1973 1007 2015 Qui
1031 1973 1092 2006 fuit
1119 1973 1322 2018 humillimus,

994 2022 1101 2055 Valde
1123 2021 1162 2054 fit
1185 2023 1300 2056 elatus.

913 2116 921 2123 .
946 2090 1134 2124 Dehonorat
1158 2091 1314 2132 subditos,

993 2139 1081 2179 perit
1104 2148 1179 2179 spes
1203 2139 1328 2181 salutis,

950 2187 1126 2228 Superbire
1149 2187 1266 2229 incipit

994 2236 1161 2268 immemor
1185 2236 1325 2277 virtutis,

949 2284 1107 2317 Elevatur
1131 2293 1230 2325 supra
1254 2293 1290 2316 se

995 2333 1118 2374 laqueis
1144 2334 1267 2376 salutiS,

948 2381 1109 2415 Gradieus
1133 2391 1193 2422 per
1220 2382 1314 2416 devia

995 2431 1158 2472 gressibus
1183 2441 1247 2464 non
1270 2432 1359 2467 tutiS.
