1653 2668
660 142 924 179 —113—

328 240 353 273 O
361 250 379 274 0
389 250 411 272 n
422 240 488 273 clu
496 249 511 273 s
520 241 532 273 i
543 249 571 275 0.

133 300 191 335 48.
219 299 244 332 Ο
269 299 386 343 Maria,
414 301 518 331 mator
542 300 634 341 lucis,

218 348 305 388 Quae
329 348 372 381 acl
397 347 505 380 lumen
532 357 642 381 caecos
669 348 759 380 ducis

263 395 344 428 Esto
371 395 450 428 mihi
474 397 619 436 praevia,

215 444 401 478 Peccatoris
426 452 541 485 preces
565 445 651 483 audi,

216 492 286 526 Fae
307 493 466 525 intentum
489 495 565 525 tuae
588 492 687 535 laudi,

267 540 396 574 Christo
420 540 603 574 reconcilia.

135 599 192 632 49.
219 598 286 630 Ora
309 606 415 638 regem
441 606 482 629 ex
505 600 540 629 te
562 601 683 639 natum,

219 645 265 678 Ut
288 655 339 678 me
363 645 472 678 multis
498 646 698 687 implicatum

268 694 361 729 Curis
388 697 420 725 et
446 694 607 727 erroribus

218 742 377 775 Mundum
400 741 516 774 reddat
541 752 561 774 a
584 743 726 782 peccatis

219 790 265 823 Et
288 789 439 823 infundat
461 790 606 822 veritatis

269 838 392 871 Lumen
417 838 497 870 meis
522 839 679 872 sensibus.

827 242 882 276 50.
910 241 988 274 Cum
1012 240 1131 272 virtute
1157 238 1299 270 caritatis

908 289 974 322 Det
998 296 1136 321 amorem
1162 285 1363 328 paupertatis

956 337 1001 370 Et
1024 336 1172 377 spiritum
1196 334 1358 374 humilem,

911 385 1015 418 Sanae
1038 385 1118 425 legis
1143 383 1342 416 intellectum

911 434 1095 475 Spiritalem
1119 435 1216 473 atque
1238 434 1362 464 rectum

957 482 1169 522 Animumque
1195 480 1383 521 docibilen13

877 576 884 583 .
910 550 1019 582 Mores
1044 549 1114 589 pios
1140 557 1177 580 ae
1199 548 1367 589 jucundos,

909 597 977 630 Hos
1002 597 1042 630 ab
1067 597 1153 629 omni
1177 597 1274 629 sorde
1296 597 1443 639 mundos,

958 645 1041 685 Quos
1068 647 1200 677 exornet
1226 644 1367 688 castitas,

909 693 1099 734 Appetitum
1123 696 1327 725 aeternorum

909 741 954 773 Et
979 743 1193 782 contemptum
1219 743 1429 782 terrenorum,

957 790 995 823 In
1022 789 1134 829 quibus
1162 791 1210 821 est
1236 789 1369 822 vanitas

514 906 569 939 52.
595 904 642 938 Ut
665 905 781 945 agendi
807 905 903 937 donet
928 913 1030 946 nosse,

595 953 689 986 Velle
712 953 806 985 simul
832 955 927 993 atque
949 960 1060 993 posse,

643 1002 707 1034 Pro
732 1010 783 1033 me
807 1001 902 1033 simui
924 1000 1062 1041 postula,

593 1049 641 1082 Ut
665 1058 735 1081 oum
759 1048 872 1080 mortis
897 1048 1019 1080 solvam
1040 1052 1125 1092 jura,

595 1097 710 1130 Vivam
735 1097 818 1129 iiber
842 1105 862 1129 a
886 1104 1038 1137 pressura

640 1146 704 1178 Per
727 1147 858 1177 aeterna
882 1144 1020 1177 saecula.

215 1212 286 1241 eod.
308 1211 516 1240 Ga1-olsrul1an.
536 1210 662 1247 Augien.
683 1207 729 1238 36.
750 1226 788 1230 —
810 1210 961 1246 „Explicit
977 1209 1091 1245 jubilus
1114 1210 1143 1238 S.
1159 1209 1322 1238 Bemhardi
1342 1210 1458 1238 abbat-is

138 1251 175 1278 rd
203 1251 320 1279 beatam
339 1251 464 1279 Mariam
494 1250 529 1278 de.
554 1249 680 1286 singulis
708 1250 770 1285 ejus
796 1246 962 1277 membrisf
987 1265 1024 1269 —
1046 1246 1071 1282 9,
1101 1246 1117 1260 ἢ
1138 1249 1210 1277 Este
1240 1257 1402 1285 eoi-porum.
1422 1263 1462 1267 —

138 1288 184 1323 32,
200 1287 218 1317 3
243 1289 404 1317 scanderat.
424 1304 463 1309 —
481 1286 528 1323 43,
550 1287 567 1316 5
593 1297 648 1316 nec
668 1287 803 1324 repellas.
824 1302 863 1307 —
883 1288 940 1316 Str.
962 1284 1037 1316 1—8
1058 1288 1163 1316 stehen
1183 1288 1227 1316 als
1256 1289 1360 1325 zigene‘
1385 1288 1462 1316 Lied

138 1328 188 1356 bei
207 1328 296 1356 Mene
316 1328 355 1363 ΙΙ,
375 1324 442 1356 403.

586 1440 627 1472 91.
666 1440 765 1481 Super
789 1438 1017 1479 „magnificat-„⁴2

142 1514 172 1547 1.
198 1514 279 1557 Ave,
307 1514 417 1545 nostra
442 1520 515 1552 spes
539 1511 573 1544 in
598 1512 674 1555 vita,

199 1561 309 1594 Maria
332 1559 541 1600 sanctificata,

199 1609 307 1650 Digne
331 1608 508 1650 appellaris
533 1607 590 1650 ita,

201 1657 298 1698 Virgo
323 1659 426 1690 mater
450 1659 501 1689 ter
526 1655 632 1698 beata,

200 1707 286 1739 Vera
310 1705 422 1738 mundi
446 1705 630 1748 margarita,

199 1753 302 1787 Nobis
327 1762 386 1794 pro
412 1754 517 1785 salute
543 1753 627 1796 data,

199 1802 336 1843 Indulge
359 1802 451 1834 nobis
479 1801 597 1841 debita,

203 1850 325 1883 Cuncta
347 1850 469 1891 largire
494 1854 615 1890 rogata.

142 1911 175 1944 2.
201 1906 390 1948 Magnificus
415 1907 635 1949 propaginem,

200 1956 288 1996 Quae
312 1957 407 1988 simui
431 1960 546 1988 cuncta
571 1957 702 2001 creavit,

199 2005 247 2037 Te
271 2005 313 2037 ad
339 2005 582 2037 similitudinem

202 2053 299 2086 Suam
324 2053 490 2093 propriam
514 2052 676 2094 formavit,

203 2102 249 2134 Te
275 2101 452 2143 praeelegit
477 2101 633 2143 virginem

202 2151 241 2183 In
266 2153 402 2183 matrem
428 2152 461 2181 et
487 2150 694 2194 consecravit,

203 2199 250 2233 Ut
274 2199 436 2231 hominum
461 2200 671 2240 propaginem

202 2247 401 2288 Redimeret,
429 2255 511 2287 quae
534 2247 692 2288 peccavit.

143 2308 174 2342 3.
201 2306 245 2341 Et
276 2307 391 2340 merito
418 2307 451 2339 et
474 2314 606 2339 numero

202 2355 251 2389 Tu
276 2356 346 2389 sola
370 2353 571 2388 sanctificata

200 2405 309 2446 Atque
334 2414 354 2437 a
377 2404 491 2437 matris
516 2407 608 2436 utero

200 2454 301 2495 Virgo
326 2462 454 2494 semper
479 2456 680 2498 conservata,

196 2514 323 2543 Dreves,
339 2514 385 2537 Pia
398 2512 544 2537 Divtnmina.

837 2112 855 2145 CV(

892 1510 1077 1543 Castitatem
1101 1509 1171 1543 Deo
1195 1519 1270 1543 vero

891 1559 996 1591 Voves
1020 1558 1083 1591 sibi
1110 1561 1295 1592 consecrata

890 1607 1035 1646 Ejusque
1058 1606 1225 1639 salutifero

890 1655 983 1687 Dono
1009 1655 1151 1696 gaudens
1178 1664 1210 1687 es
1237 1656 1367 1691 laetata.

892 1713 972 1752 Quia
995 1712 1082 1745 Deus
1107 1713 1286 1746 munditiae

891 1761 980 1793 Tuae
1005 1766 1038 1793 et
1061 1761 1250 1794 humilitatis

894 1810 1043 1853 Cernens,
1073 1818 1200 1842 carnem
1224 1809 1373 1843 miseriae

893 1857 1037 1899 Sumpsit
1061 1861 1093 1890 et
1117 1858 1335 1901 humanitatis,

892 1906 1036 1939 Portasti
1061 1915 1168 1946 regem
1192 1907 1314 1948 gloriae

893 1954 951 1987 Nil
974 1954 1096 1987 habens
1122 1955 1304 1999 anxietatis,

893 2003 1048 2036 Manente
1070 2003 1248 2044 pudicitiae

894 2051 1055 2092 Floreque
1079 2052 1284 2093 virginitatis.

862 2138 868 2145 ,
895 2110 977 2151 Quia
999 2112 1103 2142 mater
1127 2110 1275 2155 genuisti,

893 2159 992 2192 Dicta
1017 2167 1061 2199 es,
1088 2158 1189 2200 virgo,
1215 2159 1321 2204 heata,

898 2207 1061 2240 Generosa
1084 2207 1245 2247 exstitisti,

898 2256 1047 2296 Quamvis
1072 2256 1191 2289 aneilla
1214 2259 1336 2302 vocata,

898 2305 983 2337 Vere
1008 2305 1104 2346 digna
1128 2307 1164 2337 tu
1188 2304 1288 2347 fuisti,

896 2353 979 2387 oiim
1004 2354 1105 2394 stirpe
1127 2354 1235 2387 David
1259 2358 1346 2399 nata,

895 2403 1006 2444 Virgo,
1032 2405 1136 2435 mater
1160 2402 1238 2436 Jesu
1260 2403 1391 2448 Christi,

896 2451 977 2484 Esto
1002 2453 1114 2485 nostra
1138 2452 1307 2488 advocata.

1276 2509 1295 2540 8
