1653 2668
288 232 420 274 Angelis
443 229 651 269 admirabilis,

289 280 479 313 Hominibus
504 276 660 316 amabilis,

288 328 408 368 Fortis,
434 324 670 366 insuperabilis,

288 376 410 415 Dulcis,
438 374 563 412 decora,
589 371 717 411 nobilis,

197 423 275 457 155.
292 423 396 456 Corde
420 423 453 453 et
477 428 532 453 ore
555 419 696 459 humilis,

290 470 389 502 Vultu
415 467 648 507 desiderabilis,

291 517 404 558 Specie
432 514 630 548 delectabilis

289 565 334 597 Et
358 572 466 596 amore
490 562 637 594 affabilis.

288 612 404 651 Maria,
429 612 532 642 mater
555 609 695 650 luminis,

196 659 275 692 160.
289 659 405 701 Maria,
432 658 525 690 sedes
548 657 696 697 numinis,

289 706 404 746 Maria,
431 704 503 737 fons
528 704 717 745 dulcedinis,

290 753 409 794 Mater,
434 753 497 785 Dei
522 755 555 784 et
578 752 725 784 hominis.

290 801 386 833 Felix
410 803 441 832 et
467 809 582 841 expers
607 800 750 832 criminis

292 849 523 889 Templumque
546 847 795 889 pulchritudinis

199 896 278 930 165.
291 896 338 928 Et
360 905 473 928 norma
497 896 710 936 rectitudinis,

292 944 368 977 Vita
396 944 604 976 beatitudinis

290 993 336 1025 Et
360 994 459 1023 turris
484 990 682 1024 fortitudinis

292 1040 479 1079 Coronaque
504 1039 697 1072 certaminis,

291 1087 409 1126 Maria,
436 1089 533 1127 caput
555 1086 673 1127 gaudii,

198 1134 279 1169 170.
292 1135 411 1174 Maria,
435 1134 509 1167 finis
535 1134 616 1175 vitii,

292 1183 463 1215 Plenitudo
488 1182 604 1225 solatii,

291 1230 403 1271 Magni
425 1232 529 1262 mater
554 1229 689 1269 consilii,

295 1278 373 1309 Flos
398 1278 511 1320 violae,
537 1276 595 1309 flos
619 1276 691 1317 lilii,

292 1326 437 1357 Acervus
464 1325 638 1357 testimonii

201 1373 280 1406 175.
293 1373 339 1405 Et
360 1373 444 1413 lapis
469 1373 622 1412 adjutorii

294 1420 477 1461 Civitasque
500 1419 617 1460 refugii

291 1469 451 1508 Portaque
476 1467 660 1501 sanctuarii.

291 1515 407 1558 Maria,
435 1516 520 1548 salus
545 1515 657 1556 populi

293 1563 338 1596 Et
361 1563 544 1603 reparatrix
568 1563 698 1605 saeculi,

200 1612 279 1644 180.
295 1611 372 1651 Spei
396 1613 526 1643 nostrae
550 1611 706 1649 soliditas,

297 1659 454 1691 Gaudium
480 1661 513 1690 et
535 1658 760 1701 tranquillitas,

293 1705 439 1738 Affiuens
463 1706 640 1738 liberalitas

292 1754 338 1786 Et
360 1754 472 1786 salutis
496 1754 660 1787 securitas,

295 1802 516 1843 Fugitivorum
543 1801 655 1833 civitas

202 1851 282 1884 185.
295 1850 341 1882 Et
364 1858 490 1882 reorum
516 1848 662 1889 felicitas,

297 1897 453 1931 Sanorum
473 1897 687 1938 incolumitas,

298 1946 480 1986 Quietorum
505 1945 670 1985 serenitas,

295 1993 444 2027 Paradisi
465 1992 650 2033 jucunditas

296 2043 341 2075 Et
363 2042 488 2082 piorum
511 2040 661 2078 suavitas,

204 2090 281 2124 190.
298 2090 450 2129 Speciosa
474 2087 655 2120 fecunditas

297 2138 343 2170 Et
366 2138 461 2169 beata
485 2136 661 2177 virginitas

298 2186 415 2228 Maria,
440 2185 538 2225 plena
562 2184 688 2226 gaudio,

299 2233 514 2274 superborum
541 2232 714 2273 depressio,

297 2282 459 2314 Bonorum
483 2280 677 2321 sublimatio,

206 2330 283 2364 195.
299 2329 431 2362 Diaboli
459 2329 595 2369 dejectio

299 2378 344 2411 Et
366 2378 502 2410 hominis
528 2376 657 2417 erectio,

298 2426 531 2466 Prophetarum
554 2424 733 2466 promissio,

830 131 875 167 66

972 228 1135 261 Justorum
1161 228 1367 269 exspectatio,

974 276 1163 309 Sanctorum
1188 277 1367 319 exsultatio,

879 326 959 358 200.
973 322 1154 356 Inferorum
1180 324 1364 367 destructio,

972 371 1131 404 Vitiorum
1156 372 1324 404 exstinctio

972 419 1017 452 Et
1040 428 1162 451 morum
1185 419 1379 460 informatio,

973 467 1158 500 Vinctorum
1184 467 1353 507 absolutio,

976 516 1156 555 Pauperum
1183 515 1365 559 consolatio,

879 564 957 597 205.
973 563 1108 603 Inopum
1134 563 1333 603 sustentatio,

974 610 1151 650 Lapsorum
1175 610 1340 651 relevatio,

973 658 1170 690 Delictorum
1198 658 1325 698 deletio,

974 706 1135 737 Virtutum
1161 706 1389 738 consummatio

974 753 1020 786 Et
1043 753 1198 785 bonorum
1222 752 1390 794 perfectio,

880 802 960 836 210.
974 801 1130 834 Exsulum
1155 801 1326 839 revocatio,

974 849 1111 881 Reorum
1137 848 1296 890 liberatio,

974 896 1122 929 Hostium
1146 896 1298 937 interitio,

976 945 1178 985 Tuorumque
1201 944 1304 986 tuitio,

974 992 1183 1024 Peccatorum
1208 992 1363 1032 remissio,

883 1040 961 1074 215.
978 1039 1182 1080 Captivorum
1206 1040 1396 1079 redemptio,

976 1087 1128 1120 Sanitatis
1155 1087 1282 1120 collatio

974 1135 1018 1167 Et
1042 1135 1204 1176 languoris
1231 1135 1384 1176 curvatio,

977 1182 1095 1215 Salutis
1120 1183 1286 1223 acquisitio

975 1230 1020 1263 Et
1043 1231 1128 1263 vitae
1149 1231 1319 1270 restitutio,

883 1279 961 1312 220.
975 1278 1105 1310 Erroris
1129 1278 1301 1318 abdicatio,

974 1325 1090 1357 Mundi
1113 1326 1308 1365 propitiatio,

977 1372 1108 1405 Gratiae
1132 1373 1286 1406 exhibitio

976 1420 1020 1452 Et
1043 1421 1154 1453 mortis
1179 1421 1319 1460 abolitio,

977 1468 1164 1501 Divinitatis
1188 1469 1310 1501 mansio

884 1518 962 1550 225.
976 1516 1022 1548 Et
1045 1516 1173 1556 pietatis
1198 1516 1305 1560 statio,

977 1564 1153 1596 Humilium
1176 1564 1344 1604 protectio,

976 1611 1143 1643 Munimen
1167 1613 1200 1642 et
1224 1610 1376 1651 defensio,

979 1659 1072 1692 Orbis
1099 1658 1288 1690 illuminatio

977 1706 1022 1739 Et
1047 1706 1173 1738 deitatis
1198 1705 1307 1745 sessio,

884 1756 963 1788 230.
977 1754 1071 1785 Vitae
1095 1753 1295 1793 recuperatio

976 1801 1021 1834 Et
1043 1800 1106 1833 Dei
1129 1801 1296 1841 habitatio,

977 1849 1102 1881 Saeculi
1126 1848 1287 1889 reparatio

975 1897 1019 1929 Et
1041 1896 1133 1937 larga
1160 1896 1333 1939 miseratio,

977 1944 1040 1976 Dei
1065 1943 1312 1977 confoederatio.

884 1993 963 2026 235.
978 1992 1094 2031 Maria,
1121 1992 1200 2024 orbe
1223 1992 1330 2031 latior,

977 2039 1093 2077 Maria,
1121 2040 1209 2072 coelo
1234 2040 1393 2080 mundior,

976 2087 1092 2130 Maria,
1120 2088 1242 2120 cunctis
1266 2087 1389 2130 melior,

978 2135 1094 2177 Maria,
1117 2136 1238 2168 cunctis
1262 2136 1380 2176 mitior,

977 2183 1095 2224 Maria,
1116 2184 1213 2216 melle
1244 2183 1367 2216 dulcior

885 2232 964 2265 240.
979 2231 1024 2263 Et
1046 2230 1178 2264 floribus
1205 2231 1405 2273 fraglantior.

979 2279 1095 2320 Maria,
1121 2280 1204 2312 rosis
1227 2280 1348 2321 gratior

979 2327 1025 2359 Et
1048 2328 1125 2360 liliis
1151 2328 1329 2368 candidior,

980 2375 1221 2417 Unguentisque
1244 2376 1373 2408 suavior

980 2423 1026 2456 Et
1049 2425 1170 2465 gemnis
1198 2424 1390 2468 rutilantior,
