1653 2668
678 147 939 184 —127—

603 259 667 292 100.
707 260 753 292 Ad
775 260 808 292 B.
828 261 960 293 Mariam
980 262 1015 294 V.

171 372 178 380 .
205 346 287 390 Ave,
313 347 498 381 dulcissima
866 353 897 385 7.

254 395 346 429 Gella
369 396 511 437 deitatis,

204 443 292 477 Aula
309 443 497 485 clarissima,

253 490 376 524 Domus
401 493 590 537 honestatis,

204 539 321 581 Maria,
352 540 493 573 maxima

252 587 400 621 Dulcedo
426 589 576 623 turbatis,

171 672 178 679 .
205 645 254 678 Tu
279 644 339 678 fios
365 646 528 688 virgineus
866 649 899 683 8.

252 693 390 726 Florens
415 695 511 727 modo
536 696 628 736 miro,

204 743 254 775 Tu
279 743 346 775 vini
370 746 498 783 putens,

252 790 348 823 Roris
375 792 465 831 cujus
491 801 570 832 gyro

203 838 266 872 Est
289 848 399 871 murus
424 848 540 872 aureus

252 886 400 919 Vallatus
425 887 578 928 saphyro.

170 970 177 976 .
203 944 252 977 Tu
277 947 389 977 nostra
413 945 527 977 lancea
864 948 896 981 9.

252 992 528 1036 Inexpugnabilis,

204 1041 317 1074 Turris
343 1041 484 1074 eburnea

251 1089 348 1121 Hosti
373 1089 541 1131 terribilis,

202 1138 344 1178 Lampas
369 1139 522 1170 aetherea

252 1185 356 1218 Valde
379 1185 548 1219 mirabilis.

169 1272 175 1278 .
205 1243 352 1276 Gaudeto
377 1244 487 1287 igitur,
838 1245 893 1277 10.

249 1292 408 1333 Princeps
435 1292 647 1334 dominarum,

203 1340 266 1373 Per
291 1350 386 1381 quam
407 1339 561 1373 tribuitur

251 1388 344 1421 Salus
370 1390 556 1431 animarum,

200 1436 369 1478 Focusque
396 1436 558 1470 clauditur

249 1484 374 1517 Inferni
399 1493 587 1526 poenarum,

168 1571 175 1577 .
202 1543 334 1576 Nullam
359 1545 392 1574 te
416 1542 571 1581 majorem
839 1543 892 1576 11.

248 1591 332 1624 Esse
358 1590 576 1632 cognoscimus

202 1639 273 1672 Nec
297 1640 512 1680 potentiorem

249 1688 327 1721 Post
351 1687 456 1720 Deum
483 1687 654 1729 credimus,

201 1736 266 1770 Per
291 1746 386 1777 quam
409 1735 649 1776 redemptorem

248 1785 358 1818 Jesum
385 1784 564 1818 habuimus,

167 1871 173 1878 .
201 1844 226 1877 Ο
253 1843 308 1883 pia
335 1842 475 1883 dignitas
837 1844 892 1876 12.

248 1891 373 1923 Tantae
397 1890 586 1932 majestatis,

198 1940 270 1972 Duc
294 1948 346 1971 me
370 1948 430 1980 per
455 1939 585 1971 semitas

246 1988 350 2020 Biuae
375 1987 531 2029 caritatis,

201 2037 247 2071 Ut
273 2036 342 2069 vias
366 2035 495 2068 inolitas

248 2084 372 2125 Sequar
398 2084 567 2117 castitatis.

553 2142 607 2176 13.
636 2142 661 2175 Ο
684 2142 878 2175 venerabilis

924 352 968 385 Ni
991 362 1043 385 me
1065 352 1236 392 inveneris,

969 402 1069 442 Virgo
1091 400 1246 443 virtuosa,

924 448 960 480 In
987 449 1040 481 via
1063 448 1193 481 sceleris

971 497 1096 530 Perdar
1117 496 1297 538 tenebrosa,

923 544 1024 577 Plena
1047 543 1221 578 mortiferis

972 592 1137 634 Genteque
1164 592 1283 627 dolosa.

924 649 1012 690 Ergo
1036 650 1115 682 mihi
1142 650 1204 682 cito

969 697 1064 730 Nunc
1088 698 1276 739 propitiare,

926 745 1054 779 Christo
1081 746 1257 786 conquisito

969 794 1031 826 Per
1057 793 1159 827 crucis
1184 794 1287 826 altare

921 843 972 873 Ac
993 851 1054 882 pro
1080 842 1260 882 compedito

969 891 1079 923 Jesum
1106 889 1290 930 deprecare.

922 947 1002 987 Ave,
1026 948 1209 987 juvencula,

968 995 1150 1036 Disciplina
1174 1005 1307 1039 morum,

923 1042 1021 1082 Quam
1048 1044 1117 1076 sine
1141 1044 1266 1075 macula

970 1090 1043 1123 Scio
1069 1090 1269 1132 delictorum,

921 1138 1096 1180 Disrumpe
1116 1139 1244 1171 vincula

967 1187 1128 1219 Malorum
1154 1196 1306 1220 meorum.

920 1245 1001 1285 Ave,
1025 1255 1082 1278 vas
1108 1244 1254 1288 electum,

966 1293 1124 1326 Mundum
1145 1293 1290 1333 interius,

921 1340 1062 1373 Gemmis
1087 1341 1188 1374 sacris
1213 1344 1342 1380 tectum,

967 1390 1141 1422 Pulchrum
1165 1390 1314 1430 exterius,

919 1436 957 1468 In
986 1446 1047 1477 quo
1074 1437 1149 1469 fecit
1175 1437 1292 1469 lectum

968 1486 1113 1519 Oreantis
1140 1484 1236 1517 filius.

920 1543 945 1575 Ο
971 1544 1073 1575 nostri
1099 1541 1238 1575 foederis

967 1591 1155 1623 Perauctrix
1175 1591 1284 1631 puella

920 1638 1073 1672 Mentalis
1099 1639 1241 1671 vulneris

965 1689 1140 1720 Auctorem
1167 1687 1304 1728 debella,

917 1735 964 1768 Ut
985 1745 1037 1768 me
1060 1737 1095 1768 in
1119 1736 1248 1767 miseris

967 1784 1041 1817 Non
1066 1787 1201 1825 tangant,
1224 1782 1361 1825 flagella.

919 1842 1011 1874 Licet
1035 1845 1068 1874 'te
1092 1842 1227 1874 laudare

965 1890 1070 1931 Digne
1095 1899 1250 1931 nusquam
1279 1898 1402 1931 queam,

917 1939 1038 1971 Tamen
1064 1937 1208 1971 refutare

965 1986 1042 2020 Noli
1066 1987 1196 2020 laudem
1221 1996 1335 2029 meam,

919 2035 984 2068 Sed
1009 2034 1192 2076 gratificare

966 2084 1041 2116 Tibi
1068 2084 1148 2117 velis
1175 2093 1254 2116 eam.

683 2190 729 2222 Et
753 2190 1019 2234 prudentissima,

639 2238 693 2272 Sic
717 2240 780 2271 mei
806 2238 931 2281 fragilis

684 2287 855 2329 Expurges
880 2288 1004 2329 intima,

637 2336 730 2378 Quod
755 2337 844 2369 lacus
870 2334 988 2369 flebilis

683 2384 758 2418 Non
782 2386 885 2419 intrer
908 2384 1030 2419 infima.

215 2462 297 2491 Orat.
312 2472 366 2492 ms.
382 2462 542 2491 Coelestin.
557 2470 633 2491 saec.
648 2459 692 2490 15.
715 2461 784 2490 Cod.
796 2463 906 2491 Meten.
921 2459 986 2490 571.
1001 2478 1038 2483 —
1053 2461 1079 2498 7,
1097 2459 1112 2490 1
1128 2462 1196 2491 Nisi
1210 2472 1256 2492 me
1270 2465 1395 2493 invenis.
1412 2465 1465 2493 Hs.
