1653 2668
722 147 987 183 —103—

711 240 760 272 80.
799 240 835 272 In
854 241 1012 274 Passieno.

204 311 236 346 1.
262 311 368 343 Filiae
390 310 478 350 Sion,
505 311 637 352 cernite,

265 358 385 391 Natum
407 366 514 390 meum
540 362 572 390 et
596 359 751 399 plangite,

261 407 322 446 Qui
346 416 407 447 pro
430 405 524 438 vobis
546 406 581 438 in
603 406 716 448 stipite

262 454 388 487 Pendet
413 453 551 487 demisso
577 455 694 496 capite.

200 513 233 546 2.
259 511 375 553 Homo,
401 511 479 544 mihi
507 514 699 553 compatere,

259 559 340 592 Tam
363 558 498 599 infelici,
524 563 591 592 tam
615 559 762 602 miserae,

266 607 395 641 Videnti
419 609 529 640 natum
557 607 695 640 deficere

263 656 376 688 Atroci
401 655 515 687 mortis
538 665 664 696 genere.

895 314 928 346 3.
954 313 1038 345 Prae
1063 312 1174 345 dolore
1200 311 1324 351 deficio,

953 360 1043 399 Quod
1069 360 1212 400 torqueri
1230 359 1392 400 conspicio

951 409 1084 449 Filium,
1111 408 1199 447 cujus
1223 408 1330 448 passio

951 456 1013 488 Est
1039 455 1129 489 cordi
1153 464 1224 488 meo
1249 455 1372 488 scissio,

918 537 926 545 .
952 513 977 546 Ο
1003 515 1106 546 mater
1131 513 1181 544 cui
1204 513 1329 546 viscera

955 560 1056 601 sputa
1081 564 1233 601 torquent
1255 563 1287 592 et
1311 559 1457 601 verbera,

953 608 1089 650 Probra,
1116 608 1210 649 clavi,
1237 617 1325 649 crux,
1353 608 1496 649 vulnera,

952 656 1023 697 Fel,
1050 655 1163 697 spinae
1188 658 1221 688 et
1244 664 1330 689 mors
1356 665 1489 696 aspera·

549 715 579 748 5.
606 715 670 747 Pro
693 713 785 745 nobis
811 723 868 746 ora
891 712 1004 754 filium,

603 763 667 795 Pro
693 760 806 802 quibus
830 761 892 794 hoc
916 761 1109 801 supplicium

604 808 703 849 Tulit,
729 811 766 840 ut
790 809 887 841 simus
913 809 1027 842 civium

606 855 808 889 Cohaeredes
835 856 1029 889 coelestium.

278 921 349 950 Cod.
370 922 467 950 Palat.
489 922 695 951 vindobonen.
715 920 765 958 (01.
788 920 938 959 Campen.)
958 920 1024 951 883.
1045 930 1121 951 saec.
1137 920 1214 958 ¹4l15.
1235 937 1272 941 —
1293 920 1319 958 2,
1341 919 1359 949 3
1379 922 1434 949 lies
1448 922 1525 950 Vide

205 961 308 987 natum
315 961 329 987 ⁴?

666 1032 708 1066 81.
747 1034 791 1065 De
811 1033 1064 1066 Resurrectione.

204 1103 234 1137 1.
260 1103 369 1136 Mater
395 1103 525 1144 Christi,
551 1104 618 1136 noli
642 1101 731 1146 flere,

259 1150 372 1183 Cesset
397 1151 489 1184 dolor
514 1151 589 1192 quia
614 1159 701 1193 vere,

260 1200 333 1233 Jam
360 1199 509 1242 surrexit,
536 1199 599 1231 hoc
625 1199 737 1232 dixere

260 1247 388 1289 Augen,
416 1247 470 1288 qui
495 1246 639 1281 adfuere.

896 1106 928 1137 2.
956 1104 1070 1137 Gaude
1095 1104 1201 1145 plene,
1228 1107 1332 1137 cesset
1356 1103 1460 1145 fletus,

952 1152 1052 1184 Redit
1075 1152 1179 1185 victor
1203 1152 1261 1184 leti
1285 1153 1389 1184 laetus

951 1199 995 1232 Et
1021 1202 1203 1232 sanctorum
1229 1209 1336 1232 secum
1362 1203 1468 1232 coetus

953 1247 1133 1280 Immortali
1159 1248 1234 1280 dote
1260 1247 1371 1281 fretus

605 1307 637 1338 3.
663 1304 732 1337 Fac
755 1314 814 1337 nos
840 1313 914 1345 ergo
940 1313 1108 1346 resurgere

664 1351 743 1385 Gum
767 1353 879 1385 electis
902 1356 935 1386 et
958 1362 1072 1393 sapere

661 1400 764 1432 Deum
790 1399 855 1433 frui
880 1403 913 1432 et
937 1409 1078 1441 cernere,

663 1448 754 1488 Quod
780 1449 842 1481 erit
865 1457 942 1482 vere
966 1448 1085 1482 vivere.

276 1512 348 1541 Ood.
369 1514 465 1541 Palat.
485 1513 692 1543 Vindobonen.
711 1512 763 1549 (ol.
783 1512 937 1551 campen.)
955 1511 1021 1542 883.
1041 1522 1118 1542 saec.
1137 1511 1212 1542 14l15.

693 1625 741 1656 82.
781 1624 816 1656 In
836 1625 1035 1658 Ascensione.

200 1697 231 1729 1.
259 1695 384 1737 Gaude,
410 1705 492 1737 quae
517 1696 608 1729 vides
634 1695 735 1728 filium

257 1744 298 1776 In
323 1744 506 1776 summitate
530 1744 662 1777 nubium

260 1792 368 1825 Patris
390 1794 553 1833 petentem
578 1793 703 1833 solium,

264 1841 328 1873 Per
351 1849 446 1882 quem
470 1839 508 1872 fit
528 1841 630 1880 judex
652 1840 800 1872 omnium.

204 1899 237 1931 2.
264 1897 368 1938 Super
394 1898 499 1931 coelos
525 1899 685 1931 exaltatur

264 1945 309 1977 Et
333 1955 355 1978 a
378 1949 472 1987 patre
498 1950 680 1986 coronatur,

267 1992 455 2035 Coaequah's
480 1994 645 2038 adoratur,

266 2041 372 2083 Coelo,
397 2046 505 2075 terrae
531 2043 721 2076 dominatur.

893 1698 924 1729 3.
951 1697 1062 1738 Terra,
1088 1699 1216 1738 pontus,
1242 1700 1339 1738 astra,
1368 1697 1448 1728 caeli

951 1745 1100 1778 Adorant
1122 1744 1209 1777 hunc
1234 1747 1266 1777 et
1291 1744 1406 1787 angeli,

951 1793 1063 1825 Mente
1084 1802 1167 1834 pura
1192 1795 1224 1825 et
1248 1791 1337 1825 fideli

953 1840 1145 1874 Collaudant
1170 1843 1202 1872 et
1226 1841 1421 1881 archangeli.

921 1923 927 1929 .
955 1897 1089 1940 Sponsa,
1115 1907 1233 1938 parens
1259 1902 1291 1930 et
1315 1896 1382 1931 filia

953 1946 1052 1979 Tanti
1075 1946 1172 1987 regis,
1197 1947 1251 1987 qui
1277 1946 1385 1979 omnia

954 1994 1130 2035 Gubernat‚
1157 2004 1215 2026 nos
1240 1995 1283 2027 ad
1308 1995 1426 2036 gaudia

955 2043 1083 2076 Perduc
1109 2043 1149 2075 de
1173 2043 1235 2075 hac
1258 2044 1398 2078 miseria.

282 2108 353 2136 Cod.
373 2109 503 2137 Palatin.
523 2110 730 2139 vindobonen.
750 2108 800 2147 (ol.
822 2108 975 2146 Campen.)
993 2108 1060 2139 883.
1080 2118 1157 2139 saec.
1175 2107 1250 2139 ¹41'15.

679 2223 726 2255 83.
766 2224 802 2256 In
822 2222 1052 2266 Assumptione.

205 2296 235 2330 1.
264 2293 388 2336 Gaude,
416 2293 505 2327 felici
529 2296 646 2336 gaudio

262 2345 439 2384 Assumpta
460 2342 527 2383 jam
553 2353 572 2376 a
596 2343 673 2388 filio,

261 2392 351 2431 Quae
375 2391 496 2424 frueris
520 2392 691 2434 colloquio,

264 2436 428 2482 Amplexu
453 2443 486 2472 et
510 2440 673 2483 obsequio.

895 2297 927 2329 2.
954 2295 1037 2328 Tota
1063 2295 1208 2329 coelestis
1236 2297 1324 2329 curia

954 2345 1108 2378 Procedit
1131 2344 1191 2376 tibi
1217 2345 1321 2387 obvia,

956 2392 1045 2426 Sede
1067 2393 1186 2426 locaris
1209 2394 1308 2435 regia,

956 2441 1131 2475 Praecellis
1157 2443 1242 2475 omni
1268 2443 1382 2484 gloria.
