1653 2668
708 145 942 180 ..56-

513 246 544 279 5,
571 245 644 283 Per,
668 242 755 285 Jesu,
783 242 920 282 quinque
943 241 1087 280 vulnera,

570 292 656 331 Quae
679 292 735 322 tua
759 290 833 321 tulit
856 292 968 321 tenera

571 340 662 381 Caro,
690 346 785 370 carne
808 346 866 369 nos
890 337 1008 368 misera

569 386 641 418 Duo
665 386 790 418 exsules
815 385 856 417 ad
882 393 1007 425 supera.

249 454 320 482 Olm.
336 455 488 482 Monaeen.
508 451 555 485 (ol.
576 449 727 488 Tegurin.)
747 449 782 478 19
791 448 854 479 636.
875 459 952 478 saec.
974 448 1018 477 15.

547 554 590 586 41.
629 555 664 586 In
683 553 869 586 Elevatione
888 552 1094 584 sacramenti.

856 635 887 665 2,
914 634 993 675 Ave,
1019 631 1132 663 mundi
1156 631 1305 672 pretium,

960 679 1088 720 sanguis
1113 679 1337 719 redemptoris,

914 729 985 760 Ave
1009 728 1094 759 salus
1119 727 1269 768 gentium,

960 776 1028 807 vita
1051 775 1232 815 salvatoris,

914 823 985 855 Ave
1008 831 1082 863 spes
1106 821 1249 855 fidelium

961 870 1032 903 fons
1057 871 1203 902 coelestis
1228 870 1321 911 roriS,

913 918 975 962 Sis,
1000 920 1088 959 Jesu,
1114 918 1322 959 praesidium,

960 966 1051 998 nobis
1078 966 1199 998 cunctis
1223 966 1322 999 horis,

174 637 206 670 1.
233 639 312 679 Ave,
341 644 413 667 caro
434 635 547 675 juncta
570 634 667 667 verbo

277 692 355 715 vera
377 683 508 723 unitate,

231 732 311 771 Ave,
337 730 459 771 grande
482 732 723 769 sacramentum,

280 779 407 819 plenum
432 778 562 819 pietate,

231 827 267 859 In
293 826 400 859 Maria
423 824 613 857 fabricatum

277 874 374 914 plena
396 874 544 916 puritate,

229 921 309 953 Esto
333 921 425 953 nobis
448 923 686 961 praegustatum

279 978 350 1000 cum
374 967 537 1002 felicitate.

249 1033 329 1061 Orat.
354 1043 407 1061 ms.
427 1034 607 1070 'regui-inum
635 1041 710 1061 saec.
733 1031 777 1060 15.
813 1032 883 1060 Clm.
903 1032 1056 1059 Monacen.
1078 1029 1187 1060 20132.
1207 1032 1242 1059 A.
1263 1048 1300 1051 —
1322 1030 1395 1058 Clm.
1415 1031 1481 1059 Μο-

172 1080 272 1100 naeen.
300 1072 348 1107 (ol.
368 1072 517 1108 Tegurin.)
538 1069 634 1100 19636
654 1080 731 1099 saec.
753 1069 797 1099 15.
818 1072 851 1099 B.
873 1085 909 1089 —-
929 1070 1081 1097 Zwisehen
1106 1068 1131 1104 2,
1153 1068 1171 1097 6
1193 1070 1254 1097 und
1274 1070 1301 1097 ff.
1322 1070 1438 1097 sehiebt
1456 1070 1481 1097 B

172 1111 249 1137 noch
269 1112 331 1138 ein:
353 1110 454 1138 Crucis
474 1119 527 1146 per
547 1110 723 1146 supplicium
744 1118 862 1146 sparsus
882 1109 990 1136 mundo
1011 1108 1092 1136 foris.

511 1221 560 1252 42.
587 1221 624 1252 In
642 1221 830 1253 Elevatione
850 1220 992 1261 Corporis
1014 1219 1139 1252 Christi.

175 1302 205 1334 1.
234 1302 258 1334 O
283 1301 429 1332 meritum
451 1301 619 1342 passioniS,

232 1348 378 1381 Summae
402 1349 624 1389 miserationis,

233 1397 369 1437 Culpam
395 1397 503 1428 delens
530 1399 562 1428 et
585 1399 719 1438 reatum,

234 1444 258 1476 Ο
284 1444 440 1484 passionis
469 1445 626 1476 meritum.

856 1302 887 1334 2.
913 1301 938 1333 Ο
964 1300 1121 1341 passionis
1145 1299 1303 1342 meritum,

912 1348 1067 1381 Umbram
1076 1348 1232 1388 praebens
1243 1351 1353 1380 eontra
1361 1350 1480 1379 aestum

912 1396 1071 1428 Divinalis
1095 1396 1235 1438 ultionis,

916 1444 940 1476 O
969 1444 1116 1475 meritum
1141 1444 1310 1484 passionis.

251 1508 538 1537 Handschriftlicher
556 1509 683 1546 Eintrag
703 1512 770 1546 post
787 1510 870 1537 Miss.
891 1509 1103 1537 Suessionense
1122 1510 1192 1545 imp.
1215 1507 1303 1542 1516,
1324 1509 1484 1545 Exemplar

175 1547 225 1575 ‹lei-
245 1547 495 1575 Stadtbibliothek
514 1557 573 1575 von
591 1549 739 1583 Tournay.

485 1649 535 1681 43.
575 1649 623 1680 Ad
640 1649 858 1682 Elevationem
878 1649 1020 1691 Corporis
1042 1648 1170 1681 Christi.

177 1731 206 1764 1.
231 1731 310 1768 Ave,
339 1739 452 1771 corpus
476 1732 686 1772 incarnatum,

234 1779 272 1810 In
298 1778 392 1810 altari
418 1781 646 1821 consecratum,

858 1734 888 1766 3.
914 1731 1032 1764 Sancta
1057 1738 1130 1762 earo
1155 1738 1213 1761 nos
1239 1730 1385 1772 emunda,

917 1778 1085 1819 Sanguinis
1111 1777 1240 1817 benigni
1263 1778 1361 1820 unda,

233 1826 329 1858 Panis
353 1826 444 1858 vivus
468 1828 661 1870 angelorum,
916 1827 1006 1859 Lava
1029 1834 1087 1857 nos
1112 1825 1152 1856 ab
1178 1826 1263 1857 omni
1287 1826 1384 1858 sorde

235 1873 326 1906 Salus
351 1883 424 1914 spes
450 1875 711 1909 Christianorum.
917 1874 963 1907 Et
986 1874 1025 1906 ab
1050 1871 1202 1905 infernali
1226 1876 1338 1907 morte.

177 1933 209 1964 2.
234 1932 314 1974 Ave,
342 1940 456 1972 corpus
481 1932 558 1965 Jesu
582 1932 711 1974 Christi,
859 1935 891 1966 4.
918 1933 981 1965 Per
1005 1934 1092 1963 tuam
1118 1931 1260 1963 divinam
1283 1940 1394 1972 pacem

236 1979 293 2018 Qui
321 1979 361 2011 de
386 1980 472 2012 coelo
500 1981 703 2024 descendisti,

235 2027 319 2059 Tuos
345 2036 453 2060 servos
477 2028 653 2069 redemisti,

235 2075 319 2107 Dum
343 2076 376 2106 in
402 2084 495 2107 cruce
518 2077 711 2116 pependisti.

915 1981 1050 2013 Praesta
1071 1979 1163 2011 nobis
1189 1980 1357 2011 sanitatem

916 2027 962 2060 Et
984 2035 1043 2067 per
1066 2029 1153 2059 tuam
1179 2027 1351 2060 bonitatem

915 2075 1018 2107 Nobis
1045 2075 1087 2106 da
1109 2076 1366 2115 prosperitatem.

546 2135 577 2167 5.
603 2134 653 2166 Tu
677 2134 732 2174 qui
757 2142 790 2165 es
813 2135 926 2174 portus
950 2132 1073 2175 salutis,

603 2182 671 2214 Nos
695 2181 807 2223 libera,
832 2180 920 2213 Deus
945 2179 1049 2223 fortis,

603 2231 635 2262 A
658 2230 751 2262 leone
773 2229 919 2270 rugiente

605 2278 651 2310 Et
675 2287 695 2311 a
720 2278 858 2310 dracone
882 2275 1018 2319 furente,

605 2326 658 2359 Da
681 2326 772 2358 nobis
796 2324 894 2358 fidem
919 2327 1101 2357 sanctorum

606 2375 670 2407 Per
693 2374 822 2407 saecula
845 2373 1053 2408 saeculorum.

255 2436 327 2465 Clm.
347 2438 499 2466 Monacen.
518 2437 567 2471 (01.
587 2438 778 2477 Alrispaeen.)
793 2436 869 2467 2693
890 2448 964 2467 saec.
987 2437 1031 2466 14.
