1653 2668
711 176 754 181 —
804 154 874 190 102
922 156 976 179 -·

582 255 613 287 5.
638 253 735 293 Ergo,
760 253 863 284 mat-er
887 249 1050 292 genitoris,

635 300 723 340 Flos,
749 307 856 332 amore
880 297 1034 331 creatoris

633 348 679 381 Et
702 347 760 380 sub
786 346 845 379 alis
866 345 1034 379 salvatoris

635 396 724 428 Intus
748 402 855 436 pasce,
881 394 969 426 muni
993 391 1083 426 foris.

261 474 332 502 Cod.
353 472 446 501 Palat.
466 472 669 500 Vindobonen.
690 469 738 506 (01.
760 467 909 506 Campen.)
928 465 993 496 883.
1014 476 1091 496 saec.
1112 465 1186 496 ¹⁴l15.

637 609 681 640 77.
719 607 755 639 In
776 606 1022 640 Circumcisione.

188 710 217 744 1.
245 708 364 748 Gaudes
394 709 467 740 dum
494 706 731 739 circumciditur
866 709 899 740 2.
925 706 1016 738 Illius
1043 705 1241 738 circumcisio

239 757 332 795 Puer,
360 756 413 794 qui
437 756 531 788 Jesus
563 755 690 794 dieitur,
921 754 982 786 Est
1006 753 1098 786 nobis
1122 752 1308 794 admonitio,

242 803 300 842 Qui
326 802 387 842 legi
412 806 526 843 sponte
550 801 707 842 subditur,
924 802 968 835 Ut
994 810 1160 834 caveamus
1185 800 1262 833 vitio

239 850 302 883 Sed
327 850 397 889 lege
421 850 510 882 nulla
533 849 711 889 stringitur.
924 849 969 881 Et
990 849 1115 889 peccati
1140 848 1296 887 contagio.

578 917 609 950 3.
634 915 732 957 Ergo,
757 914 873 956 Maria,
899 914 1049 955 precibus

632 963 710 995 Tuis
737 962 830 994 detur
857 962 1029 994 humilibus

634 1009 826 1042 Circumcidi
852 1020 871 1042 a
895 1009 1043 1042 sordibus

633 1058 841 1090 Peccatorum
867 1061 899 1089 et
923 1056 1062 1090 funibuS.

255 1132 326 1163 Ood.
346 1132 441 1161 Palat.
460 1133 665 1161 Vindobouen.
686 1132 735 1166 (ol.
757 1130 908 1168 Campen.)
926 1128 992 1161 883.
1015 1139 1090 1158 saec.
1113 1128 1185 1158 ¹⁴l15.

671 1262 718 1293 78.
756 1261 792 1292 In
811 1260 999 1302 Epiphania.

181 1354 212 1386 1.
242 1353 363 1394 Gaude,
392 1353 481 1392 cujus
504 1352 655 1384 uberibus
865 1354 896 1386 3.
925 1352 1012 1384 Rore
1038 1352 1119 1384 coeli
1144 1361 1202 1384 nos
1228 1353 1325 1392 rigari

238 1400 398 1439 Nutritur,
425 1400 479 1440 qui
504 1409 523 1431 a
547 1399 674 1440 regibus
921 1399 1141 1439 Lacrimisque
1165 1399 1334 1441 baptizari,

236 1447 421 1480 Honoratur
443 1451 506 1479 tam
533 1447 682 1487 precibus
924 1447 1115 1479 Trinitatem
1143 1447 1363 1488 contemplari,

239 1495 338 1534 Quam
362 1495 506 1535 mysticis
530 1493 722 1527 muneribus.
921 1494 989 1526 Fac
1013 1504 1120 1526 amore
1149 1494 1300 1528 debriari.

180 1564 210 1595 2.
237 1562 288 1594 Da
311 1561 413 1602 nobis,
439 1565 542 1593 mater
566 1562 699 1604 gratiae,
861 1563 893 1595 4.
920 1563 1046 1602 Aquam
1070 1563 1213 1593 nostram
1236 1559 1289 1592 fac
1313 1562 1442 1603 mutari,

239 1610 325 1641 Thus
351 1608 453 1641 bonae
479 1609 691 1641 conscientiae
919 1609 1035 1641 Vinum
1060 1618 1175 1640 novum
1199 1608 1292 1640 nobis
1319 1610 1399 1652 dari,

236 1656 467 1697 Myrrhamque
489 1657 664 1696 patientiae
920 1657 966 1690 Ut
991 1656 1148 1697 possimus
1174 1656 1298 1696 epulari

238 1704 280 1736 Et
306 1713 416 1735 aurum
443 1704 627 1744 sapientiae.
920 1703 974 1737 Sic
999 1712 1067 1738 cum
1096 1703 1223 1736 Christo
1250 1706 1283 1734 et
1306 1703 1432 1737 laetari.

254 1779 324 1807 God.
344 1779 438 1808 Palat.
461 1780 664 1808 vindobonam.
687 1780 736 1813 (ol.
758 1778 906 1816 Campen.)
924 1777 989 1808 883.
1010 1788 1085 1807 saec.
1110 1776 1183 1807 ¹“ln-n

641 1918 690 1952 79.
729 1919 762 1950 In
784 1918 1013 1950 Purificatione.

182 2011 211 2042 1.
240 2009 361 2049 Gaude,
386 2012 498 2048 mater,
524 2017 604 2049 prae
630 2008 755 2050 ceteris,
864 2010 896 2042 3.
923 2008 1078 2040 Turtures
1104 2008 1320 2049 castimoniae,

240 2056 325 2096 Quae
350 2065 420 2088 cum
444 2056 614 2089 Dominum
638 2056 777 2096 peperis,
922 2055 1108 2088 Devotionis
1134 2058 1167 2087 et
1187 2056 1320 2097 gratiae,

238 2104 335 2136 Nujla
360 2104 431 2145 lege
457 2104 691 2144 constringeris,
925 2103 1094 2136 columbas
1118 2104 1321 2137 innocentiae

237 2152 329 2184 Licet
351 2152 452 2192 legem
476 2151 671 2192 impleveris.
921 2151 1014 2192 Fers,
1039 2151 1131 2196 pacis
1157 2154 1190 2184 et
1216 2153 1415 2187 concordiae.

180 2220 210 2251 2.
238 2219 301 2251 Par
326 2219 430 2251 avium
455 2228 514 2259 pro
538 2217 606 2251 filio
863 2219 895 2251 4.
921 2218 973 2250 Da
997 2218 1089 2251 nobis
1115 2219 1368 2263 sanctimoniam,

240 2265 340 2298 offers
365 2266 397 2299 in
424 2265 591 2305 sacrificio,
924 2266 1182 2307 compunctionis
1207 2267 1355 2309 gratiam,

240 2313 336 2351 Quem
362 2313 488 2346 Simeon
512 2323 593 2354 prae
616 2313 732 2354 gaudio
926 2313 1099 2347 Columbae
1121 2311 1335 2348 innocentiam

238 2360 342 2392 Fovet
363 2361 447 2394 ulnis
472 2371 510 2394 ac
534 2362 664 2403 gremio.
922 2362 967 2394 Et
991 2366 1131 2395 mutuam
1160 2363 1376 2397 concordiam.

254 2434 324 2463 Cod.
343 2434 437 2463 Palat.
456 2436 660 2464 Vindobonen.
679 2435 728 2472 (01.
750 2436 900 2473 Campen.)
918 2435 983 2473 883,
1008 2446 1083 2467 saec.
1105 2435 1180 2466 ulis.
