1653 2668
717 121 979 157 -223—

188 217 242 249 25.
272 216 360 249 Audi
383 224 435 248 me
460 224 546 248 nunc
562 216 820 260 exprobrantem,

271 264 336 297 Setl
361 267 393 296 te
418 264 519 305 magis
547 269 743 307 exorantem,

273 313 337 345 Pcr
362 312 498 345 eundem
523 322 633 346 verum
658 313 762 347 Deum

272 360 341 394 Fac
364 360 553 394 mollescere
579 371 634 395 cor
658 371 772 403 meum,

271 408 350 449 Fac,
377 412 414 441 ut
437 418 551 442 saxum
577 419 668 443 meae
690 410 807 444 mentis

881 221 936 254 30.
963 220 1076 253 Fletus
1100 221 1210 254 abluat
1231 221 1368 263 fluentis,

963 269 1008 303 Ut
1033 279 1091 309 per
1115 269 1366 302 lacrimationem

962 316 1107 350 Habeam
1134 319 1379 351 consolationem

963 364 1006 398 Et
1031 369 1066 397 ut
1090 365 1206 399 bonum
1231 376 1290 407 per
1312 366 1443 399 odorem

964 413 1102 446 Perdam
1130 414 1295 448 criminum
1320 412 1485 447 foetorem.

267 474 337 504 God.
359 475 503 504 Oxonien.
525 477 619 505 Laud.
639 478 764 506 Miscell.
792 476 847 507 508
869 486 944 506 saec.
968 475 1010 506 13.
1032 480 1072 507 in.
1094 493 1131 499 —-
1150 480 1213 508 Das
1233 479 1309 508 Lied
1329 480 1407 508 steht
1425 482 1512 508 unter

190 513 322 542 Gebetcn
340 514 478 543 Anselms
503 524 564 544 von
584 515 782 553 Canterbury,
809 526 841 545 so
870 516 934 544 dass
961 517 1012 544 der
1032 517 1177 546 Gerlankc
1199 527 1238 546 an
1257 520 1324 547 eine
1343 518 1511 554 Absassung

188 552 281 580 clurch
301 552 353 580 ihn
374 552 438 581 sich
461 553 608 591 nahelegt.
629 569 666 574 -—
689 553 713 583 1.
736 556 760 584 Ο
782 555 863 584 fehlt.
884 569 922 573 -—
942 553 989 584 23.
1011 556 1087 584 hane
1108 558 1239 593 ergiinzt.

570 666 639 699 205.
678 667 723 699 De
743 675 783 700 ss.
803 667 939 700 Martino
961 670 992 700 et
1011 667 1139 700 Brictio.

542 738 573 771 1.
602 739 673 772 Ave
698 739 801 772 dulcis
825 749 843 772 o
868 739 1020 779 Martine,

596 788 669 821 Ave
695 790 727 819 et
750 787 853 820 Bricti
878 788 1014 830 domine,

594 835 681 868 Laus
707 836 750 868 sit
774 836 864 868 vobis
889 836 958 868 sine
981 834 1045 868 fine

597 883 662 916 Sed
687 883 720 915 in
746 883 807 916 Dei
832 884 968 917 nomine.

538 932 569 964 5.
596 932 766 964 Praesules
792 940 809 963 o
838 931 980 975 gloriosi,

598 979 676 1012 Sitis
698 979 777 1012 mihi
802 979 945 1020 gratiosi,

598 1027 662 1060 Per
686 1036 743 1059 vos
768 1027 847 1059 mihi
872 1026 988 1060 bonum
1013 1036 1127 1059 nomon

599 1074 704 1107 Detur
729 1078 762 1107 et
786 1075 915 1107 beatum
939 1084 1041 1118 omen,

602 1123 695 1156 Salus
722 1126 754 1155 et
777 1123 986 1164 prosperitas,

518 1171 571 1205 10.
601 1171 691 1210 Quod
719 1171 774 1204 det
799 1180 922 1203 summa
946 1171 1083 1204 trinitas.

600 1219 694 1252 Doxa
717 1218 777 1252 tibi
801 1219 939 1262 trinitas,

600 1266 747 1300 Indivisa
770 1267 887 1307 unitas,

600 1315 626 1348 Ο
651 1313 749 1347 beata
775 1315 887 1348 deitas.

279 1381 350 1410 Cod.
371 1381 468 1409 Palat.
489 1381 694 1410 Vindobonen.
715 1380 764 1417 (01.
786 1379 929 1417 Chimen.)
948 1379 1032 1409 4724.
1054 1389 1129 1410 saec.
1153 1380 1197 1410 14.

626 1492 694 1525 206.
735 1493 779 1525 De
800 1493 907 1525 saneto
928 1492 1096 1525 Matthaeo.

223 1565 255 1598 1.
284 1564 407 1604 Gaude,
433 1572 509 1604 spes
533 1564 646 1596 salutis
672 1573 771 1606 meae,

280 1613 376 1646 Alme
401 1615 495 1653 pater
519 1612 574 1656 mi,
599 1612 776 1655 Matthaee,

282 1661 332 1694 Dc
357 1661 478 1693 honore
503 1660 666 1702 triplicato

282 1707 357 1743 Tibi
382 1708 444 1741 soli
469 1708 564 1741 simul
590 1708 676 1749 dato,

222 1760 253 1792 5.
279 1759 380 1799 Quem
405 1759 588 1790 sanctorum
614 1757 709 1789 simul
733 1766 810 1790 vere

281 1806 398 1839 Nullus
424 1805 526 1838 scitur
551 1806 724 1845 possidere.

280 1855 364 1887 Nam
390 1854 554 1895 apostolus
581 1862 614 1886 es
633 1855 738 1887 clarus

279 1903 325 1936 Et
350 1902 547 1944 evangelista
571 1912 700 1946 gnarUS,

280 1951 326 1984 Es
353 1953 385 1983 et
409 1953 533 1991 martyr
558 1951 772 1993 triumphalis,

200 2002 256 2035 10.
284 2000 361 2040 Quis
387 1998 448 2031 tibi
472 1999 506 2031 in
530 1999 581 2032 his
606 2000 774 2042 aequalis?

283 2048 343 2089 Qui
367 2048 402 2080 in
428 2047 525 2080 coelis
551 2047 598 2080 sic
621 2047 808 2090 praeferriS,

281 2098 384 2138 Opem
407 2095 473 2129 reis
498 2094 548 2128 fer
572 2096 607 2128 in
631 2097 738 2130 terris.

282 2146 390 2179 Lucra
414 2144 527 2177 mundi
551 2145 720 2187 reliquisti,

282 2195 390 2227 Lucra
415 2192 495 2226 coeli
519 2192 684 2234 recepisti,

202 2245 257 2278 15.
286 2243 310 2276 O
339 2241 540 2282 evangelista
564 2242 677 2285 prime,

281 2291 371 2324 Leva
398 2290 498 2323 corda
522 2290 554 2323 in
581 2290 727 2332 sublime,

286 2340 336 2372 Ne
360 2338 415 2371 hic
440 2338 531 2371 vanis
556 2339 757 2374 maculentur

281 2387 346 2422 Sed
372 2387 489 2421 divinis
515 2387 726 2429 delectentur,

283 2437 328 2472 Et
350 2439 389 2470 ut
411 2435 470 2470 fiat
493 2436 556 2470 hoc
577 2435 733 2480 perfecte,

892 1565 946 1598 20.
973 1564 1118 1604 Modum,
1147 1564 1268 1607 doctor,
1298 1565 1377 1597 doce
1400 1567 1496 1598 recte.

973 1612 1023 1645 Tu
1048 1612 1210 1652 praelatus
1235 1613 1414 1652 puellarum

973 1660 1100 1693 Primus
1124 1660 1194 1693 Deo
1219 1663 1426 1701 sacratarum,

976 1709 1059 1749 Quas
1085 1709 1208 1749 amasti,
1237 1709 1414 1749 custodisti,

975 1757 1056 1790 Tam
1079 1756 1217 1790 fidenter
1242 1757 1422 1799 protexisti,

893 1806 948 1840 25.
973 1805 1064 1846 Quod
1090 1804 1129 1838 ob
1156 1805 1345 1846 virginalem
1369 1803 1480 1838 florem

975 1854 1077 1886 Tuum
1103 1851 1234 1887 fuderas
1261 1862 1414 1887 cruorem.

980 1903 1004 1935 O
1029 1901 1207 1945 Matthaee,
1234 1901 1293 1934 tibi
1318 1905 1425 1935 tantus

975 1950 1065 1991 Erga
1088 1959 1140 1983 me
1163 1951 1206 1983 sit
1230 1948 1339 1984 fervor
1360 1954 1498 1992 sanctus,

978 1999 1120 2038 Quantus
1145 1997 1206 2031 fuit
1230 2007 1306 2039 erga
1329 1999 1422 2040 illas3

895 2049 949 2082 30.
975 2046 1069 2080 Vires
1094 2046 1212 2080 robora
1236 2047 1382 2091 pusillas,

978 2097 1049 2129 'sua
1072 2104 1167 2129 sacra
1188 2094 1247 2128 sub
1273 2096 1375 2128 tutela

976 2144 1072 2177 Sume
1096 2153 1147 2176 me
1171 2153 1242 2177 cum
1266 2145 1443 2185 parentela.

979 2194 1003 2227 O
1034 2193 1201 2232 praeclare
1227 2193 1377 2234 princeps
1403 2194 1525 2236 mundi,

981 2240 1049 2274 Fac
1073 2250 1133 2274 nec
1156 2241 1242 2275 laedi
1266 2250 1326 2274 nec
1350 2241 1504 2276 confundi

897 2292 952 2325 35.
980 2289 1036 2323 Me
1061 2293 1093 2321 et
1116 2290 1194 2322 mihi
1220 2290 1402 2333 attinentes,

978 2338 1170 2381 Ubicunque
1196 2338 1417 2382 consistentes,

976 2389 1024 2422 Ut
1047 2387 1080 2420 in
1104 2386 1174 2421 Deo
1199 2396 1326 2428 semper
1347 2388 1425 2423 laeti

979 2436 1084 2470 Simus
1108 2437 1193 2470 bona
1216 2446 1298 2479 pace
1321 2437 1407 2472 freti.
