1653 2668
727 118 984 154 -134—

886 217 940 249 15.
970 216 1047 249 Cibo
1070 215 1169 247 vetito
1195 215 1308 249 cibatis

968 264 1105 304 Propter
1129 266 1253 303 pestem
1278 263 1429 296 vanitatis

1016 312 1162 352 Reparas
1188 312 1337 352 quodque
1360 311 1484 350 vitium,

968 359 1057 391 Dans
1083 359 1190 391 radios
1216 359 1372 392 claritatis

209 220 263 255 13.
287 221 311 254 Ο
336 228 453 261 sponsa
477 217 692 258 formositatis,

288 268 441 301 Strenuae
466 266 657 307 sagacitatis,

333 316 501 356 Apparatu
525 313 696 354 monilium,

288 363 358 395 Lux
383 366 454 394 tuae
478 361 682 402 benignitatis

286 411 339 443 Ad
364 412 490 442 nostrae
513 409 719 440 haereditatis
967 407 1087 439 Divina
1111 407 1182 438 luce
1207 407 1342 447 privatis

334 458 400 489 Nos
424 455 578 487 transfert
603 455 805 488 desiderium.
1018 455 1082 487 Per
1106 457 1191 486 tuum
1219 455 1438 487 ministerium.

207 515 262 548 14.
288 513 467 547 Dominium
487 513 655 556 libertatis,
886 511 942 545 16.
969 512 1099 545 Claudis
1122 514 1248 551 portam
1276 513 1435 552 egestatis,

288 562 447 594 Servitute
470 560 623 601 liberatis,
966 560 1089 592 Reddis
1113 567 1247 591 messem
1272 560 1429 592 ubertatis

333 608 535 641 Manumissis
560 607 753 649 suffragium,
1013 608 1077 639 Per
1100 608 1187 638 tuum
1208 608 1432 650 patrocinium,

290 656 447 696 Splendor
471 659 600 687 nostrae
625 655 795 693 caecitatis,
969 654 1144 687 Succursus
1169 655 1360 698 velocitatis,

288 702 396 736 Decor
420 712 560 735 summae
582 704 767 742 venustatis,
968 703 1096 735 Aurora
1120 703 1312 744 serenitatis,

335 751 465 790 Lumen,
480 753 661 783 cunctorum
675 750 825 792 gentium.
1018 751 1074 784 Cui
1101 750 1194 782 dulce
1220 753 1268 783 est
1291 751 1467 792 proprium.

510 808 564 841 17.
590 807 654 841 Per
677 809 802 841 viscera
827 808 970 840 caritatis

588 857 633 889 Et
656 857 770 888 merita
786 856 964 888 sanctitatis

635 904 681 936 Te
707 905 861 943 deprecor
885 912 944 943 per
969 902 1079 945 filium,

588 952 636 986 Ut
659 952 713 992 qui
736 960 865 992 premor
888 960 947 991 pro
974 951 1113 991 peccatis

590 999 663 1031 Non
690 1008 834 1032 corruam
861 1008 930 1030 cum
956 999 1113 1032 damnatis

638 1047 676 1078 In
700 1046 862 1087 gehennae
886 1047 1087 1088 supplicium,

593 1094 657 1126 Sed
683 1094 724 1126 da
748 1092 812 1125 frui
838 1103 907 1126 cum
932 1094 1033 1126 beatis

594 1141 717 1174 Gaudio
741 1142 950 1181 perennitatis

636 1190 714 1222 Post
736 1197 886 1230 praesens
912 1190 1066 1224 exsilium.

282 1253 361 1281 Orat.
391 1262 444 1282 ms.
472 1253 627 1282 Coelestin.
658 1263 733 1283 saec.
765 1253 808 1282 11²..
837 1254 905 1282 Coa.
933 1255 1075 1283 Parisien.
1109 1254 1216 1284 18571.
1248 1271 1286 1275 —
1305 1255 1337 1291 4,
1367 1255 1385 1286 3
1412 1257 1514 1286 Omnis

207 1291 327 1320 ardoris.
343 1308 380 1312 —
400 1289 426 1325 5,
447 1290 468 1319 4
486 1293 548 1320 Nos
568 1295 706 1330 tempore.
726 1308 765 1313 --
786 1290 830 1327 13,
852 1295 868 1321 ὅ
889 1293 1021 1321 transfer.

654 1403 716 1436 108.
759 1403 805 1434 Ad
824 1404 856 1435 B.
877 1403 1009 1436 mariam
1028 1405 1064 1436 V.

209 1483 238 1515 1.
267 1483 344 1523 Ave,
372 1482 442 1516 fons
469 1483 664 1525 elementiae,

310 1532 407 1572 Virgo
433 1529 613 1572 fecundata,

266 1579 412 1611 Summae
436 1579 612 1618 sapientiae
946 1580 1058 1613 Turris
1083 1578 1293 1622 fortitudinis,

315 1626 403 1658 Nutu
427 1625 594 1667 fabricata,
991 1629 1086 1661 Vitae
1109 1628 1277 1663 medicina.

266 1673 373 1706 Radix
394 1674 591 1728 pudicissiae·
888 1687 920 1719 4.
947 1685 1052 1726 Salve,
1078 1683 1157 1717 felix
1182 1684 1310 1729 femina,

313 1721 482 1763 Nunquam
506 1726 679 1766 lnqulna‘ta‚
994 1732 1133 1774 Fulgens
1158 1733 1255 1766 stella
1278 1735 1385 1778 maris,

270 1768 394 1823 Gaude,
417 1769 514 1809 plena
537 1771 659 1810 gratiae
946 1780 1143 1821 Angelorum
1170 1781 1306 1823 domina,

315 1817 439 1858 Regma
462 1817 566 1852 beata.
995 1829 1094 1869 Virgo
1120 1828 1300 1870 singularis,

211 1873 242 1905 2.
267 1874 347 1914 Ave,
373 1882 446 1915 spes
470 1873 623 1916 fidelium,
946 1875 1064 1908 Mundi
1088 1877 1244 1909 mundans
1271 1878 1413 1923 crimina,

312 1922 399 1954 Fons
424 1922 622 1964 humilitatis,
996 1924 1112 1957 Portus
1137 1925 1298 1967 salutaris,

265 1968 383 2001 Salutis
409 1971 583 2010 exordium,
949 1971 1011 2004 Cor
1034 1981 1139 2004 meum
1162 1972 1317 2014 illumina,

948 1484 1019 1517 Lux
1044 1484 1263 1526 beatitudinis,

995 1532 1097 1566 Stella
1119 1533 1284 1574 matutina,

314 2017 435 2049 Norma
459 2018 648 2060 sanctitatis,

267 2064 396 2096 Domini
420 2066 604 2105 sacrarium,

314 2112 480 2153 Templum
506 2113 644 2152 deitatis,

265 2158 368 2191 Dulce
390 2159 602 2203 refrigerium,

314 2207 391 2240 Flos
417 2208 619 2249 virginitatis,

211 2264 241 2296 3.
267 2265 347 2308 Ave,
372 2266 436 2297 mel
462 2266 650 2310 dulcedinis,

311 2313 438 2346 Morum
464 2315 643 2357 disciplina,

268 2358 363 2393 Nitor
386 2362 643 2405 pulchritudiniS,

316 2408 402 2442 Rosa
425 2410 492 2442 sine
517 2411 619 2454 spina,

995 2020 1068 2052 Lux
1092 2019 1179 2052 clara
1203 2021 1327 2055 solaris.

914 2102 921 2110 .
948 2075 1053 2118 Salve,
1079 2086 1135 2109 vas
1158 2079 1343 2120 munditiae,

996 2124 1167 2157 Continens
1192 2131 1398 2170 unguentum,

947 2173 1073 2205 Veteris
1098 2174 1240 2206 malitiae

997 2220 1214 2262 Comprimens
1240 2222 1442 2266 fermentum,

949 2268 1043 2309 Origo
1069 2270 1221 2312 laetitiae,

995 2317 1087 2350 Vitae
1111 2316 1362 2361 fundamentum,

947 2365 1035 2398 Tuae
1058 2365 1150 2399 nobis
1175 2368 1298 2408 gratiae

996 2413 1114 2447 Confer
1136 2414 1376 2452 incrementum.
