1653 2668
710 141 944 177 ..44-

239 240 300 280 Qui
322 242 428 280 potest
452 246 509 271 nos
536 236 718 279 defendere,
922 235 968 268 Ut
991 235 1128 268 mundus
1152 235 1383 276 ingemisceret,

236 289 273 320 ln
299 296 360 328 quo
387 287 504 319 debent
528 284 698 325 confidere,
920 283 965 316 Et
987 285 1104 316 natura
1127 281 1207 315 fiens
1234 283 1371 315 diceret:

236 335 296 376 Qui
319 337 452 368 mortem
481 333 598 365 debent
623 340 748 374 capere,
920 331 989 372 Ego
1014 331 1125 371 lugens
1152 329 1276 374 deficio,

166 384 220 416 20.
236 383 337 415 Tuum
361 384 519 415 sacratum
543 380 690 420 spiritum
848 380 904 412 45.
920 378 979 411 Vel
1003 378 1074 411 Deo
1097 378 1181 411 inest
1203 379 1324 418 passio.

233 431 302 463 Tuo
326 430 411 471 patri
435 428 631 461 sanctissimo
968 427 993 460 Ο
1016 434 1120 467 mom,
1145 435 1229 458 mors
1253 424 1474 464 lacrimabilis,

239 477 474 511 Commendasti
498 485 556 515 per
581 474 732 515 gemitum
920 473 1024 515 Super
1048 483 1141 514 quam
1166 474 1295 514 plorant
1322 472 1437 513 omnia,

235 526 388 558 Sermone
412 523 625 565 devotissimo,
920 522 945 554 Ο
971 531 1066 562 mors,
1092 530 1178 554 mors
1202 520 1427 561 lamentabilis,

233 573 372 606 Dicens:
398 572 506 610 Pater,
525 571 563 602 in
579 579 699 603 manus
715 572 789 602 tuas
920 569 1023 610 Super
1047 578 1140 609 quam
1165 568 1243 601 flent
1265 568 1406 611 innoxia,

165 623 220 655 25.
235 620 419 654 commendo
445 618 601 660 spiritum
623 628 742 650 meum.
849 619 904 651 50.
920 617 944 649 O
969 626 1065 659 mors,
1091 625 1176 649 mors
1201 615 1411 659 admirabilis,

234 669 279 702 Et
301 667 453 699 inclinato
480 666 584 706 capite
921 664 989 703 Qua
1012 664 1207 697 suscitantur
1229 664 1356 704 mortui,

235 716 335 748 Fixus
358 716 391 747 in
414 714 516 746 crucis
540 713 660 754 stipite,
921 713 945 745 O
971 722 1066 753 mors,
1092 721 1179 745 mors
1203 711 1389 753 amicabilis

233 763 363 796 Acriter
389 764 552 794 cruentato
577 764 610 792 te
919 760 987 799 Qua
1012 760 1193 793 exaltantur
1217 759 1349 799 strenui,

234 810 385 850 Turpiter
409 812 441 841 et
463 809 616 849 indebite,
918 808 943 841 O
968 817 1054 841 mors
1076 816 1178 848 sacra,
1202 816 1288 840 mors
1313 806 1439 847 nobilis,

164 860 220 893 30.
234 859 283 891 Tu
308 857 442 890 emisisti
464 858 623 897 spiritum,
846 857 900 889 55.
915 855 978 888 Per
1003 865 1096 896 quam
1123 856 1269 888 delentur
1293 855 1426 896 scelera,

231 906 277 938 Et
301 905 387 938 orbis
412 905 508 937 talem
533 904 705 946 fremitum,
917 903 942 936 Ο
967 913 1052 936 mors
1076 904 1141 946 pia,
1168 912 1253 935 mors
1278 902 1376 942 utilis,

234 953 323 993 Quod
349 953 480 994 quisque
503 961 562 993 per
588 952 753 984 circuitum
917 952 980 983 Per
1004 960 1098 992 quam
1125 951 1283 984 donantur
1306 951 1459 991 praemia,

232 1002 333 1034 Tuum
359 1000 505 1041 percepit
529 1000 658 1039 obitum,
915 999 1049 1031 Praesta
1072 1001 1108 1031 ut
1132 999 1212 1031 haec
1235 997 1390 1030 memoria

232 1049 279 1082 Ut
304 1051 418 1080 cuncta
440 1047 548 1080 fletum
574 1046 725 1087 facerent,
914 1045 982 1079 Nos
1007 1049 1113 1078 teneat
1140 1046 1288 1078 continue

164 1097 218 1130 35.
232 1096 278 1129 Et
302 1096 457 1128 elementa
480 1097 663 1135 tremerent,
847 1096 901 1128 60.
917 1094 962 1126 Et
986 1094 1128 1126 stimulet
1150 1094 1342 1134 praecordia

232 1144 277 1176 Et
301 1152 379 1175 saxa
401 1152 435 1175 se
461 1143 705 1184 disrumperent,
916 1142 1041 1182 Corque
1064 1144 1186 1182 pungat
1208 1142 1347 1181 assidue,

231 1191 276 1224 Et
301 1191 470 1230 sepulchra
494 1199 530 1222 se
553 1189 742 1230 panderent,
915 1189 963 1222 Ut
986 1189 1086 1221 menti
1110 1190 1218 1222 lumen
1241 1188 1355 1221 influat

233 1239 280 1272 Ut
303 1241 410 1271 terrae
433 1240 536 1270 motus
560 1237 663 1280 fieret,
915 1236 960 1269 Et
983 1238 1017 1269 in
1041 1238 1173 1277 agendis
1198 1237 1346 1276 instruat,

234 1286 346 1318 Velum
371 1286 482 1326 templi
508 1295 543 1318 se
567 1284 737 1327 scinderet,
916 1285 1043 1328 Utnos
1068 1293 1087 1316 a
1112 1285 1214 1325 culpis
1241 1289 1337 1317 exuat

164 1334 279 1367 40.Ut
301 1334 379 1365 luna
401 1334 628 1374 retrocederet‚
846 1334 901 1366 65.
916 1332 962 1364 Et
985 1333 1070 1364 vitae
1096 1333 1213 1365 donum
1237 1332 1368 1365 tribuat.

234 1381 350 1421 Solque
376 1382 681 1422 contenebresceret‚

238 1442 318 1470 Orat.
344 1450 399 1469 ms.
425 1441 612 1469 Lehninense
635 1442 705 1469 anni
732 1438 812 1468 1518.
848 1440 916 1468 Cod.
936 1438 1104 1469 Berolinen.
1123 1441 1186 1469 ΠΟ
1205 1438 1254 1468 29.
1271 1441 1307 1468 A.
1328 1456 1365 1460 —
1389 1440 1469 1468 Orat.

161 1489 214 1508 ms.
243 1488 317 1508 saec.
341 1477 385 1508 15.
419 1479 489 1507 God.
510 1479 678 1508 Gandaven.
705 1476 761 1506 212
780 1476 847 1515 (37).
867 1480 901 1506 Β.
922 1495 959 1500 -
979 1479 1040 1513 m,
1064 1477 1085 1506 4
1103 1481 1133 1507 te
1152 1479 1227 1507 fehlt
1243 1479 1279 1506 A.
1300 1491 1339 1497 -
1357 1478 1412 1513 ΠΙ,
1433 1475 1470 1505 33

162 1518 186 1546 O
207 1519 280 1547 fehlt
302 1518 337 1545 A.
357 1533 396 1537 —
414 1518 466 1551 IV,
486 1515 524 1546 43
543 1518 713 1554 praemialis
733 1517 767 1544 A.

617 1600 658 1634 21.
698 1601 743 1633 De
763 1600 871 1642 Plagis
892 1600 1022 1633 Domini.

164 1664 197 1696 1.
221 1665 301 1704 Ave,
327 1664 414 1706 Jesu,
440 1662 532 1695 nobis
555 1665 659 1706 natus,
903 1662 971 1695 Nos
995 1668 1061 1694 tam
1087 1670 1160 1694 care
1185 1663 1383 1702 comparatos

220 1712 333 1744 Palma
358 1712 472 1744 dextra
494 1713 680 1752 penetratus
905 1709 1018 1742 Cordis
1045 1709 1138 1750 culpa
1163 1712 1344 1741 cruentatos

268 1760 305 1792 In
329 1767 422 1803 cruce
446 1767 504 1798 pro
529 1758 657 1800 populo,
950 1759 1044 1798 Cura,
1070 1767 1152 1789 vena
1175 1756 1297 1790 veniae.

220 1806 288 1839 Nos
311 1806 353 1839 ad
380 1809 523 1839 dextram
546 1806 609 1839 Dei
632 1806 734 1846 patris
844 1817 876 1849 4,
902 1815 982 1858 Ave,
1008 1823 1148 1855 purgans
1173 1817 1249 1846 tunc
1272 1815 1416 1855 peccata,

220 1855 348 1888 Perduc
370 1862 468 1908 prece
492 1857 566 1887 tuae
589 1855 701 1886 matris
902 1863 1034 1902 Quando
1059 1860 1122 1894 fust,
1143 1860 1309 1902 perforata

266 1902 319 1934 Ex
344 1911 448 1935 carms
474 1903 643 1943 ergastulo.
949 1911 1065 1944 Planta
1087 1910 1181 1951 pedis
1208 1909 1350 1950 dexteri3

163 1962 194 1993 2.
221 1960 301 2000 Ave,
329 1961 416 2000 cujus
442 1969 552 1992 manus
577 1960 669 1992 laeva
902 1959 990 2000 Rege
1014 1967 1141 1999 gressus
1165 1958 1213 1990 tui
1238 1958 1343 1999 gregis

221 2008 389 2041 Sauciatur
412 2008 509 2047 plaga
533 2017 629 2039 saeva
903 2006 948 2039 Et
971 2006 1090 2038 renatis
1115 2015 1217 2039 novae
1239 2006 1319 2047 legis

266 2056 297 2088 A
319 2056 451 2089 Judaeis
476 2055 601 2096 impiis3
952 2054 1072 2087 Claude
1094 2057 1204 2095 portas
1228 2054 1337 2088 inferi.

220 2104 267 2136 ΤΘ
291 2106 399 2136 tuente
426 2102 610 2158 dirigalnuss
846 2115 877 2146 5.
902 2113 982 2155 Ave,
1010 2113 1098 2152 cujus
1123 2122 1181 2153 pes
1206 2113 1335 2146 sinister

219 2151 271 2183 Ne
293 2151 344 2205 ad·
358 2152 482 2205 lae-vam
509 2151 688 2205 dllssijmffl'
902 2160 1004 2193 Ferro
1029 2159 1133 2193 fossus
1159 2163 1218 2202 est,
1243 2161 1390 2194 minister

267 2199 363 2231 Malis
388 2202 473 2232 v1tae
496 2203 629 2232 mer1t1s.
948 2208 1065 2241 Mortis
1090 2212 1193 2242 morte
1218 2209 1375 2250 vincitur3

161 2257 193 2290 3.
218 2257 299 2297 Ave,
325 2257 413 2297 cujus
440 2257 644 2290 candidatum
904 2255 1050 2295 Christus
1075 2258 1214 2290 moriens
1238 2258 1273 2291 in
1300 2265 1403 2301 cruce,

219 2304 318 2337 Latus
343 2304 405 2337 fuit
428 2305 617 2345 lanceatum,
903 2304 976 2337 Duc
999 2314 1068 2346 1108,
1092 2306 1148 2338 ubi
1170 2314 1247 2338 vera
1270 2306 1342 2338 luce

266 2353 345 2385 Ideo
371 2362 441 2384 cum
466 2354 619 2394 sanguine
952 2354 1067 2386 Vultus
1092 2355 1140 2386 tui
1166 2355 1316 2387 cernitur.

237 2413 317 2442 Orat.
344 2423 397 2442 ms.
416 2413 571 2450 Anglican.
599 2422 675 2444 saec.
698 2412 741 2442 15.
776 2412 845 2442 Ood.
865 2413 1031 2442 Londinen.
1050 2414 1100 2443 Ar.
1117 2413 1183 2444 203.
1203 2429 1241 2435 —-
1261 2413 1293 2451 3,
1315 2413 1334 2444 3
1353 2414 1389 2446 Id
1408 2425 1475 2444 cum

159 2453 304 2489 sanguine
322 2451 378 2480 Hs.
