1653 2668
161 232 219 265 35.
245 231 300 263 Ad
325 231 386 264 hoc
411 230 474 264 scis
500 240 551 263 me
576 231 646 264 fore
670 234 779 264 natum
938 232 995 265 Me
1019 235 1147 274 oportet
1170 232 1217 264 ita
1241 231 1331 273 mori,

246 279 291 311 Et
315 289 334 311 a
358 282 453 320 patre
479 280 683 320 destinatum,
937 282 1030 314 Istud
1054 281 1092 314 fit
1115 290 1175 321 pro
1200 279 1335 320 meliori,

287 327 382 359 Hunc
406 330 444 360 ut
468 327 577 360 bibam
602 327 743 373 calicem,
984 329 1048 361 Res
1073 329 1202 361 humani
1228 327 1365 369 generis.

247 374 323 407 Sine
348 385 410 416 quo
435 376 572 408 mundus
597 377 727 416 salvari’
852 396 910 430 40.
936 396 1038 436 Igitur
1062 404 1152 436 spem
1178 394 1393 435 amplecteris,

245 423 399 457 Trinitati
426 424 616 457 concordari

287 471 333 503 Et
357 471 469 512 nequit
493 472 644 505 velocius.
936 444 1016 484 Qnia
1040 452 1162 476 mecum
1179 444 1313 484 POtieris

983 491 1094 533 Regno
1115 492 1184 523 veri
1209 490 1347 531 luminiS,

162 539 218 571 36.
244 537 318 571 Non
345 539 480 571 deberes
508 539 702 579 contristari,
936 538 1001 572 Sed
1027 540 1100 572 dum
1123 539 1211 571 vives
1237 540 1303 572 vita
1328 538 1402 580 ista,

245 586 310 619 Sed
338 587 472 619 deberes
500 587 656 620 consolari
935 586 1097 620 Johannes
1124 587 1320 628 evangelista

292 634 339 667 Et
362 635 503 676 gaudere
522 634 640 676 potius,
975 635 1051 667 Erit
1074 634 1134 667 tibi
1158 634 1254 669 filius.

247 682 338 714 Mors
354 692 426 716 mea
441 692 505 715 non
523 686 573 715 est
587 683 628 716 ad
647 686 792 724 mortem,
852 702 907 735 41.
933 701 980 734 Et
1002 704 1037 734 tu
1064 701 1127 734 eris
1153 702 1220 741 ejus
1246 705 1349 734 mater

245 730 364 770 Aperit
389 730 447 763 sed
473 731 559 762 vitae
584 732 720 772 portam,
935 749 1010 789 Ipse
1031 749 1115 782 filius
1142 753 1174 781 et
1198 748 1301 782 frater
1351 725 1358 740 '

294 779 394 819 Quam
419 781 586 820 peccatum
612 779 780 814 clauserat.
982 798 1029 829 Te
1053 797 1206 830 tractabit
1233 797 1367 830 dulcius.

162 847 218 879 37.
245 845 369 877 Morior
393 854 454 886 pro
479 847 548 878 toto
572 846 701 885 mundo,
932 844 1037 877 Filius
1062 846 1126 877 ista
1153 846 1310 888 narravit,

244 892 303 931 Qui
329 893 466 926 ardebat
489 893 523 925 in
547 893 720 934 profundo,
933 893 1033 925 Matri
1060 895 1157 933 caput
1180 892 1350 925 inclinavit

294 940 393 980 Quem
417 941 525 974 Adam
552 942 779 985 damnaverat3
981 940 1027 973 Et
1052 940 1155 973 emisit
1180 941 1338 980 spiritum.

244 987 331 1029 Ergo
359 989 461 1021 dfflffls
487 998 506 1021 ⁰
531 989 646 1043 M‘ima’
695 1037 701 1043 „
850 1008 906 1041 42.
934 1007 1056 1039 Videns
1082 1016 1157 1047 ergo
1183 1007 1244 1039 hoc
1268 1006 1374 1040 Maria

243 1036 644 1090 Mater—clemensuvirgo
670 1046 736 1078 pia,
934 1054 1060 1088 Cecidit
1084 1056 1117 1087 in
1143 1055 1258 1096 agonia

293 1084 369 1116 ΝΟΜ
394 1083 473 1117 flere
497 1083 609 1119 fillum·
981 1102 1027 1135 Et
1053 1101 1167 1135 orabat
1191 1101 1326 1142 fortius;

160 1152 216 1184 38.
243 1150 303 1190 Qui
328 1151 500 1191 pendendo
524 1160 622 1191 super
648 1159 771 1183 crucem
932 1150 1013 1190 Ejus
1040 1160 1094 1183 cor
1119 1151 1320 1190 angustiatur

243 1199 306 1231 Pro
330 1199 552 1240 recuperando
577 1200 679 1231 lucem
932 1199 1039 1238 Atque
1065 1198 1135 1230 dire
1160 1199 1346 1231 vulneratur

288 1246 427 1288 Frangit
448 1246 510 1279 hoc
535 1247 700 1290 exsilium,
982 1246 1007 1279 O
1032 1245 1170 1278 crudelis
1194 1246 1330 1286 gladius.

241 1294 311 1334 Ego
336 1304 401 1327 non
425 1297 459 1327 ἰθ
485 1295 682 1336 derelinquo’
850 1314 907 1347 43.
934 1313 1037 1354 Igitur
1059 1322 1117 1346 nos
1144 1321 1215 1344 cum
1240 1312 1349 1345 Maria

242 1342 294 1374 Ad
322 1344 355 1375 te
379 1351 507 1396 semper
532 1342 765 1396 ἃΡΡΓΟΡίΨῙῩΟ)
932 1361 1146 1401 Deploremus
1171 1364 1279 1393 mente
1304 1361 1360 1402 pia

293 1391 385 1430 Quod
412 1392 495 1434 (1100,
519 1399 582 1422 non
608 1390 753 1431 amblgls.
982 1409 1168 1442 Passionem
1190 1409 1330 1449 Domini,

159 1460 212 1491 39.
243 1456 314 1488 Hoc
339 1457 465 1489 videbis
495 1460 530 1488 tu
555 1466 613 1497 pro
639 1465 724 1497 vero,
932 1456 979 1489 Ut
1003 1466 1074 1488 cum
1100 1456 1228 1489 Christo
1255 1458 1407 1489 collocari

247 1505 320 1538 Jam
347 1514 523 1545 resurgam,
548 1507 654 1537 tecum
680 1513 735 1537 erc
933 1504 1128 1543 Mereamur,
1154 1504 1286 1544 gloriari

287 1553 395 1593 Atque
421 1562 491 1585 cum
518 1552 705 1593 discipulis3
984 1553 1047 1585 Per
1073 1554 1205 1585 aeterna
1230 1552 1367 1585 saecula.

233 1627 313 1656 Orat.
338 1637 389 1656 ms.
418 1636 494 1656 saec.
517 1626 561 1655 15.
599 1627 670 1656 God.
690 1628 842 1656 Mantuan.
863 1627 889 1655 Ε
911 1627 925 1655 Ι
945 1625 991 1654 27.
1012 1628 1047 1656 A.
1075 1642 1114 1647 -ν
1142 1627 1212 1656 God.
1233 1628 1263 1656 S.
1284 1629 1365 1657 Petri
1387 1629 1480 1658 Salis-

155 1668 276 1702 burgen.
299 1675 318 1694 a
336 1666 384 1694 111
406 1665 449 1695 10.
471 1675 547 1694 saec.
565 1665 609 1694 15.
624 1667 658 1694 B.
678 1681 709 1684 —-
733 1664 756 1700 1,
778 1664 796 1695 3
819 1667 924 1695 Coram
946 1674 1031 1694 cruce
1050 1666 1144 1694 filium
1165 1667 1197 1694 B.
1219 1681 1256 1685 —
1276 1665 1302 1696 3.
1325 1665 1342 1694 5
1364 1668 1480 1697 Geniti-

155 1714 223 1733 vam
246 1706 397 1733 anxiatam
418 1705 452 1733 Β.
475 1720 511 1724 —
531 1703 559 1740 4,
573 1703 591 1732 2
604 1705 758 1739 languenti
772 1705 810 1740 A;
832 1704 891 1733 Fili
905 1704 1072 1740 languentis
1089 1705 1120 1733 B.
1137 1719 1174 1723 —-
1188 1703 1215 1740 4,
1233 1703 1251 1733 3
1276 1707 1372 1734 Mater
1384 1706 1419 1735 A.
1442 1723 1477 1726 —

155 1742 182 1777 4,
204 1741 223 1772 4
241 1743 318 1778 Heu,
340 1743 399 1771 heu
420 1752 502 1772 amor
522 1744 555 1771 B.
576 1760 613 1764 —
635 1742 660 1778 ὃ,
682 1740 699 1771 3
721 1744 808 1779 quasi
828 1743 952 1771 moritur
966 1742 1000 1770 A.
1020 1758 1058 1761 —
1079 1742 1104 1775 6,
1125 1741 1145 1771 4
1158 1743 1297 1772 [Iohanne
1310 1747 1380 1772 tunc
1393 1746 1443 1772 B.-

155 1781 187 1816 7,
216 1780 233 1808 2
259 1782 327 1810 Non
353 1791 384 1810 es
411 1781 484 1810 mihi
510 1784 543 1809 tu
568 1782 602 1810 Β.
626 1795 661 1801 »-
682 1780 714 1816 7,
742 1781 759 1809 5
782 1780 830 1809 Me
850 1781 993 1818 pascebas
1013 1782 1046 1809 B.
1067 1797 1105 1802 —
1126 1780 1152 1815 9,
1174 1779 1192 1810 3
1213 1782 1260 1810 Sit
1279 1791 1376 1811 mersa
1395 1784 1477 1812 velut

154 1821 214 1849 AB.
244 1835 278 1839 -—
307 1819 356 1856 10,
384 1819 398 1848 1
426 1821 524 1857 gratia
547 1821 609 1857 jam
630 1821 663 1848 A.
746 1819 794 1851 10.
822 1818 839 1848 6
860 1821 936 1848 Prae
956 1821 1109 1848 tormentis
1130 1822 1250 1849 anxium
1271 1822 1306 1849 A.
1328 1836 1360 1840 ——
1387 1820 1434 1856 11,
1465 1821 1479 1836 r

155 1861 319 1888 curatorem
339 1861 371 1888 B.
394 1875 430 1879 —
453 1857 496 1893 12,
518 1857 536 1887 5
557 1859 754 1888 Exclamabat
772 1860 807 1886 A.
828 1875 830 1879 ‹
866 1875 867 1879 =
891 1855 934 1891 13,
956 1856 975 1886 4
994 1859 1104 1887 Verum
1124 1859 1221 1887 Deum
1234 1860 1269 1888 A.
1284 1876 1321 1880 —-
1340 1858 1382 1896 14,
1408 1859 1437 1888 1-
1464 1875 1480 1890 J

154 1898 253 1926 fehlen
273 1898 306 1926 B.
327 1913 364 1917 --
384 1897 469 1927 Nach
492 1895 534 1932 15,
556 1895 574 1926 3
595 1898 711 1926 schiebt
730 1898 754 1925 Β
775 1899 838 1925 ein:

613 1936 669 1965 Vel
689 1937 722 1963 in
742 1937 802 1964 alio
825 1937 970 1964 tormenta

613 1976 674 2003 Aut
693 1975 805 2003 crudeli
827 1976 1022 2009 monumento,

658 2014 694 2041 In
714 2023 769 2050 quc
793 2016 887 2042 mater
906 2015 1016 2048 pereat.

156 2050 200 2088 15,
222 2048 241 2078 4
260 2051 328 2080 Non
348 2053 416 2088 post
434 2050 468 2079 A.
498 2068 516 2071 —
551 2050 593 2087 15,
616 2051 633 2080 6
655 2051 777 2080 Caream
796 2055 831 2080 ut
849 2052 911 2080 filio
932 2051 970 2085 B;
992 2051 1071 2080 daun
1093 2051 1208 2080 schiebt
1227 2054 1251 2081 Β
1273 2063 1336 2081 em:

611 2091 688 2119 Mihi
711 2091 826 2119 dulcius
843 2091 907 2127 jam
927 2091 1011 2126 mori,

611 2130 701 2158 Foret
715 2129 802 2165 jocus
823 2132 853 2158 et
871 2130 978 2157 honori

651 2168 777 2205 Migrari
796 2178 864 2196 cum
882 2167 954 2195 filio.

153 2204 197 2238 16,
217 2203 237 2233 4
258 2205 460 2242 Suspendistis
482 2206 520 2240 B;
541 2208 658 2235 worauf
673 2207 698 2234 B
719 2207 898 2236 einschiebt:
919 2207 1030 2234 Truces
1051 2215 1137 2235 aures
1150 2208 1265 2237 Mariae
1280 2209 1477 2246 Supplicatio-

150 2254 217 2273 nem
243 2243 360 2272 Mariae
380 2245 448 2273 Non
475 2244 594 2272 auditur
616 2246 735 2282 populo.
762 2262 800 2266 —
828 2245 877 2281 17,
903 2243 923 2273 4
942 2245 1071 2274 lamento
1093 2246 1126 2275 Β.
1148 2261 1185 2265 -
1208 2245 1251 2281 17,
1273 2246 1289 2276 6
1309 2249 1344 2276 In
1366 2249 1478 2278 crudeli

150 2282 262 2320 proelio
284 2283 317 2311 B.
339 2298 376 2302 —
399 2281 448 2316 18,
475 2280 495 2310 4
515 2284 548 2311 tu
569 2284 692 2312 caedisti
712 2285 745 2312 B.
787 2302 805 2305 —
828 2283 875 2319 19,
899 2282 916 2312 6
937 2285 981 2312 Ac
1000 2285 1121 2313 fallasse
1142 2286 1257 2323 cogitur
1278 2288 1309 2315 Β.
1332 2302 1346 2306 -
1389 2286 1434 2322 20,
1458 2288 1475 2317 5

147 2322 224 2350 Mihi
245 2330 361 2358 semper
382 2331 412 2350 es
432 2321 538 2350 infelix
557 2322 591 2350 B.
619 2340 656 2343 —
685 2320 736 2357 20,
764 2322 781 2351 6
810 2325 888 2352 Dum
908 2332 955 2351 me
974 2322 1036 2351 filio
1068 2323 1180 2352 viduas.
1200 2339 1236 2345 —
1258 2323 1309 2360 21,
1332 2324 1350 2353 2
1370 2327 1476 2356 Coram

148 2364 175 2389 te
197 2369 349 2397 nunquam
371 2361 491 2389 connixi
511 2361 544 2389 Β.
567 2376 603 2380 -
624 2360 669 2396 21,
691 2359 709 2390 3
729 2362 777 2389 Ex
799 2371 855 2399 quo
877 2371 923 2391 me
943 2363 986 2390 sic
1000 2363 1134 2391 laederas
1148 2363 1181 2391 B.
1200 2380 1240 2384 —-
1260 2363 1305 2399 21,
1326 2363 1345 2393 4
1364 2365 1389 2394 O
1404 2375 1476 2395 crux

147 2400 243 2429 fidelis
259 2400 323 2436 jam
342 2409 403 2428 non
423 2399 511 2437 placa
530 2399 565 2428 A.
588 2417 625 2420 —
645 2398 691 2434 22,
715 2399 730 2428 1
753 2400 785 2429 Si
805 2404 836 2429 te
854 2410 914 2430 non
933 2402 981 2429 vis
1002 2402 1035 2430 B.
1057 2417 1095 2421 —
1115 2400 1162 2437 22,
1184 2400 1202 2431 5
1221 2404 1289 2432 Hoc
1302 2414 1355 2441 pro
1367 2406 1475 2434 mundo

148 2440 204 2468 tibi
224 2439 259 2467 A.
281 2455 319 2459 —
340 2437 386 2474 22,
409 2438 425 2468 6
447 2436 555 2467 Om'nes
573 2440 700 2476 junctim
722 2440 856 2478 plangite
875 2441 908 2470 B.
933 2456 967 2459 —
987 2438 1033 2475 23,
1058 2439 1071 2469 1
1094 2440 1137 2469 Ut
1157 2450 1229 2470 crux
1249 2443 1310 2472 AB.
1332 2458 1370 2463 —
1390 2443 1435 2480 23,
1458 2444 1476 2473 2

1255 2490 1297 2520 6*
