1653 2668
142 222 197 257 58.

146 1051 200 1084 60.

145 1464 201 1499 61.

149 1881 204 1914 62.

149 2289 206 2322 63.

672 124 930 161 —121—

224 218 345 255 Edissa
368 230 428 261 per
453 222 644 256 connubium

272 270 415 302 Assuero
442 271 655 313 conjungitur,

226 319 415 351 Thalamum
440 318 528 351 subit
552 320 684 361 regium,

273 365 461 408 Coronatur,
488 366 691 408 praeficitur-3

228 415 385 455 Suspecta
409 415 526 448 Vasthi
550 416 684 454 tollitur,

271 462 392 495 Esther
417 463 514 496 habet
541 464 714 497 dominium

229 511 370 552 Cunctis,
398 511 511 544 Vasthi
539 512 720 553 deponitur,

272 559 405 591 Amittit
429 560 518 601 regni
543 560 669 594 solium.

192 661 199 669 .
227 633 328 671 Notat
348 636 469 669 Esther
495 645 550 669 cor
574 636 704 679 humile,

276 684 339 717 Cor
363 685 534 717 contritum
560 685 733 727 humiliter,

228 732 291 766 Cor
315 733 418 771 dulce,
444 742 499 766 cor
523 732 670 774 amabile,

277 779 339 813 Cor
368 780 503 822 diligens
529 781 697 821 veraciter,

228 828 289 862 Cor
312 830 530 869 contemplans
556 829 754 869 sublimiter3

272 877 389 909 Vasthi
411 879 512 917 notat,
540 886 595 910 cor
619 877 744 920 fragile,

228 925 388 958 Exaltans
413 934 449 957 se
472 925 658 966 perniciter,

276 973 457 1014 Superbum
483 975 515 1005 et
538 973 689 1008 indocile.

229 1047 275 1084 Et
298 1052 331 1082 te
351 1050 429 1092 quid
456 1051 505 1083 est
532 1049 682 1083 humilius

276 1099 339 1131 Per
363 1101 477 1131 cuncta
500 1098 611 1130 mundi
638 1099 775 1138 climata,

229 1146 375 1188 Dulcius,
403 1145 583 1188 amabilius,

275 1194 452 1228 Destruens
460 1197 575 1227 cuncta
583 1193 777 1227 schismata?

233 1244 288 1286 Te,
318 1252 412 1276 sacra
436 1242 576 1284 probant
603 1242 763 1283 dogmata,

279 1291 335 1323 Nil
361 1300 431 1324 esse
455 1290 651 1333 generosius,

230 1339 332 1372 Sacra
357 1339 497 1380 probant
522 1338 710 1379 aenigmata,

278 1387 324 1419 Et
347 1391 380 1420 te
404 1388 450 1419 nil
477 1396 547 1419 esse
570 1387 731 1420 mundius

226 1461 383 1505 Designat
407 1464 528 1496 Esther
552 1463 650 1505 igitur

277 1512 334 1554 Te,
362 1521 425 1553 qua
445 1521 605 1552 nunquam
631 1511 782 1544 humilior

229 1561 267 1593 Ι11
294 1560 449 1593 creaturis
474 1561 590 1600 legitur

277 1608 393 1641 Fuisse
417 1617 477 1640 1100
496 1609 634 1649 suavior,

230 1657 412 1697 Pulchrior,
440 1656 619 1697 amabilior,

277 1705 412 1739 Dulcior
436 1704 527 1738 nulla
553 1704 681 1748 dicitur,

227 1754 270 1787 Et
297 1755 432 1795 propter
454 1754 517 1786 1100
540 1753 708 1785 sublimior

276 1801 360 1835 Esse
382 1804 414 1833 te
439 1801 529 1834 nulla
553 1802 706 1834 noscitur.

228 1876 267 1913 In
294 1880 314 1913 J
319 1880 436 1912 udaeos
461 1879 585 1911 invidia

280 1927 390 1961 Saevit
413 1928 518 1960 Aman
543 1927 751 1970 perversitas,

229 1976 371 2009 Damnat
397 1983 449 2009 eos
470 1974 608 2016 perfidia

285 2023 496 2064 Crudelisque
522 2023 688 2065 dolositas,

230 2072 446 2105 Mardochaei
466 2072 648 2114 benignitas

277 2121 398 2154 Esther
422 2120 537 2153 scribit
562 2121 725 2162 euprepia,

229 2170 377 2203 Mutetur
398 2171 435 2201 ut
460 2169 635 2201 crudelitas

277 2217 411 2252 Decreti
435 2217 520 2259 regis
545 2217 653 2258 impia.

235 2285 392 2322 Condolet
414 2286 535 2318 Esther
561 2284 716 2320 fratribus

277 2335 390 2369 Totius
415 2335 465 2368 sui
489 2335 626 2375 generis,

230 2384 293 2418 His
318 2383 440 2419 auditis
465 2384 648 2416 rumoribus

280 2432 402 2475 Regem
427 2433 507 2473 adit,
535 2432 589 2473 qui
613 2430 753 2466 foederis

823 447 878 480 64.

827 860 881 892 65.

831 1272 885 1305 66.

830 1686 885 1718 67.

832 2094 886 2127 68.

905 223 1035 265 Signum
1063 222 1153 256 dedit
1176 220 1341 263 pestiferis

952 272 1052 305 Morti
1079 271 1161 305 datis
1188 270 1417 312 complexibus,

905 320 1083 353 Damnatur
1107 320 1212 352 Aman
1237 318 1357 351 sterilis

950 369 1030 409 Ejus
1058 368 1141 401 notis
1166 366 1360 399 criminibus.

905 443 955 480 Tu
981 454 1014 477 es
1038 445 1167 485 Esther,
1194 443 1363 486 perfidiam

954 496 1060 527 Aman
1084 493 1261 533 reprimens
1286 492 1441 535 gnaviter,

908 542 1114 574 Famulorum
1136 541 1297 574 miseriam

956 589 1182 622 Exterminans
1207 588 1397 631 benigniter,

909 638 991 679 Regi
1016 646 1137 669 summo
1163 636 1302 670 feliciter

956 686 1158 726 Desponsata
1182 694 1242 726 per
1263 684 1409 726 gratiam,

911 733 1070 767 Coronata
1092 733 1285 776 perenniter,

956 782 1060 822 Regni
1085 785 1196 814 tenens
1220 781 1406 821 potentiam.

911 855 999 892 Vere
1024 860 1114 891 notat
1137 858 1301 890 inimicum

958 909 1063 939 Aman
1086 906 1217 939 humani
1239 905 1375 947 generis,

908 954 1024 986 Dirum
1048 957 1229 994 serpentem
1253 954 1422 997 lubricum,

960 1003 1039 1036 Jure
1064 1002 1189 1042 pulsum
1217 1002 1257 1034 de
1281 1002 1417 1042 superis,

913 1049 1164 1083 Condemnatum
1187 1051 1219 1082 in
1244 1049 1367 1090 inferis,

955 1099 1185 1130 Accusatorem
1207 1098 1359 1139 iniquum,

912 1146 1010 1185 Quem
1036 1148 1072 1178 tu
1096 1146 1200 1178 calcas
1224 1148 1256 1177 et
1279 1146 1427 1185 conteris,

959 1194 1063 1227 Deum
1087 1194 1228 1227 reddens
1253 1193 1431 1234 pacificum.

914 1267 1008 1305 Sicut
1030 1270 1188 1312 pupillam
1213 1271 1297 1303 oculi

961 1319 1073 1352 Salvos
1096 1328 1206 1351 servas
1231 1328 1342 1352 servos
1361 1319 1456 1361 regis,

914 1367 963 1399 Tu
988 1368 1130 1400 solamen
1157 1376 1190 1399 es
1215 1367 1344 1408 saeculi,

961 1413 1132 1456 Refugium
1157 1416 1205 1447 tui
1229 1417 1345 1457 gregis,

915 1462 1044 1495 Summa
1068 1472 1187 1504 sponsa
1210 1463 1325 1496 summi
1349 1464 1443 1505 regis,

963 1511 1067 1551 Caput
1092 1512 1229 1543 conteris
1254 1512 1371 1555 zabuli,

913 1559 962 1591 Tu
988 1568 1021 1591 es
1046 1568 1139 1592 verus
1164 1560 1248 1591 liber
1271 1560 1351 1601 legis

959 1608 1004 1640 Et
1025 1616 1120 1640 arcae
1143 1607 1351 1641 tabernaculi.

912 1681 990 1718 Flos
1019 1684 1169 1724 vernalis,
1196 1684 1255 1717 flos
1281 1685 1352 1725 lilii,

958 1734 1037 1766 Flos
1050 1731 1175 1774 florum,
1191 1734 1286 1765 decus
1300 1733 1460 1774 virginum

912 1780 1039 1814 Diceris
1065 1784 1097 1813 et
1125 1781 1237 1814 auxilii

959 1829 1046 1862 Fons
1053 1830 1176 1870 plenus,
1186 1834 1290 1862 custos
1297 1830 1467 1874 hominum,

914 1876 1010 1918 Cujus
1033 1878 1168 1910 attraxit
1191 1878 1363 1911 Dominum

960 1926 1006 1959 Et
1031 1926 1177 1967 angelum
1204 1926 1329 1959 consilii

915 1974 1028 2007 Dulcis
1052 1975 1142 2015 odor,
1168 1977 1204 2007 ut
1229 1976 1398 2007 terminum

962 2022 1063 2056 Nobis
1091 2023 1183 2056 daret
1206 2023 1321 2058 exsilii.

914 2087 1055 2125 Ramum
1081 2090 1187 2124 ferens
1211 2091 1389 2125 viventibus

957 2140 1021 2173 Ore
1048 2139 1196 2172 columba
1219 2140 1351 2182 proprio

914 2188 1017 2221 Foliis
1043 2186 1272 2221 fluctuantibus

958 2236 1112 2270 Generali
1142 2237 1272 2280 diluvio,

913 2286 998 2326 Quos
1023 2285 1171 2318 turbarat
1195 2286 1326 2320 undatio

955 2334 1026 2367 Noe
1048 2335 1143 2375 natis,
1171 2335 1366 2377 conjugibus,

914 2381 1046 2417 Refovit
1071 2392 1124 2416 eos
1149 2383 1266 2425 gaudio

957 2431 1076 2465 Salutis
1099 2432 1278 2468 intuitibuS.
