1653 2668
693 135 956 172 —239—

507 257 575 290 220.
615 258 702 291 Visio
723 260 823 292 sancti
841 260 984 293 morandi
1003 260 1143 294 Abbatis.

190 347 221 381 1.
247 346 334 379 Mira
357 347 483 389 loquor,
509 349 568 381 sed
595 349 691 391 digna
714 349 788 384 fide.
816 369 863 375 υ-
887 351 1077 385 Bernarcle‘r
1104 351 1181 393 quid
1205 352 1267 384 hoc
1291 350 1364 384 est?

246 395 338 427 Vivis
363 396 495 431 adhuc‘}
523 416 567 421 —
593 397 686 431 Vivo.
718 416 766 421 —-
789 399 864 432 Non
890 408 934 440 es,
959 410 1047 441 rogo,
1073 403 1216 433 mortuus
1224 401 1239 420 ‘⁶
1265 418 1313 424 —-
1337 400 1447 434 Immo.

245 442 289 475 Et
314 443 392 484 quid
418 444 512 484 agis?
537 464 580 468 —
609 445 798 488 Requiesco.
825 466 870 472 -—
896 447 997 481 Taces
1022 458 1063 481 an
1087 447 1191 481 faris?
1215 464 1262 471 -—
1295 447 1484 489 Utrumque.

250 492 315 525 Cur
338 491 480 525 retices?
505 511 553 517 ——
578 494 658 534 Quia
684 494 817 530 dormio.
845 514 890 518 —
917 496 982 530 Cur
1004 494 1168 537 loqueris?
1193 514 1241 520 —-
1266 496 1345 536 Quia
1368 496 1452 530 vivo.

189 541 221 573 5.
249 539 333 579 Quid
350 540 516 581 loqueris?
534 560 578 567 —
604 542 705 576 Sacra
722 545 868 585 mystica.
885 562 934 567 ——
961 544 1042 577 Cui?
1059 563 1103 569 -—
1128 544 1204 577 Mea
1220 545 1341 585 scripta
1356 544 1485 584 legenti.

247 587 333 620 Num
351 588 499 621 cunctis?
520 609 569 614 ——
593 590 677 625 Non.
702 610 751 615 —
775 591 862 633 Ergo
880 592 993 633 quibus
1004 592 1020 623 ἱ)
1043 609 1092 617 —a
1118 593 1177 633 Qui
1196 593 1301 625 dulcia
1319 595 1484 633 quaerunt.

243 635 369 669 Nomen
401 636 525 670 habes?
560 658 602 663 -
628 639 690 671 Ita.
720 657 769 663 --
793 640 909 681 Quod?
944 659 990 664 —
1014 640 1210 675 Bernardus.
1237 659 1284 664 —
1308 640 1391 674 Num
1416 640 1486 672 sine

1084 687 1202 721 causa?

249 732 332 765 Non.
357 751 404 756 -—
430 732 493 766 Dic
518 743 603 777 ergo,
631 735 707 776 quid
734 737 783 768 est
797 734 1005 769 Bernardus?
1032 754 1081 760 —
1105 737 1145 771 Id
1171 739 1220 768 est
1244 736 1328 769 bona
1351 736 1482 769 nardus.

250 781 314 813 Gur
338 782 466 814 nadus?
490 801 539 806 ——
564 784 718 823 Quoniam
743 783 864 825 fragro.
888 802 936 808 ——
961 784 1028 824 Quo
1053 783 1206 817 flamine?
1246 802 1276 807 —
1302 783 1408 818 Dulci.

167 829 221 862 10.
251 828 310 862 Cui
336 828 462 870 fragras
489 834 521 863 et
544 831 625 864 ubi?
652 850 695 855 -ψ
719 832 851 865 Lectori
877 833 987 865 codice
1011 841 1112 868 sacro,

248 877 340 916 Quod
367 886 541 920 cognomen
565 879 691 912 habes?
726 897 773 903 —-
797 880 848 913 De
875 881 970 914 Clara
994 880 1096 914 Valle.
1124 899 1168 904 ——
1192 882 1306 914 Manes
1327 880 1407 912 hie?

245 925 371 969 Mansi,
400 927 458 960 sed
483 927 578 960 modo
603 937 677 963 non.
700 946 749 951 —-
774 928 839 961 Ubi
863 930 972 961 nunc?
1005 946 1053 951 —-
1077 929 1115 962 In
1141 929 1261 961 vertice
1284 929 1411 960 montis.

249 973 359 1013 Qualis
386 983 457 1007 eras
482 976 516 1007 in
543 976 627 1008 valle
651 984 783 1009 manens
792 976 807 1007 ‘s
835 996 879 1001 -—
904 976 1053 1009 Humilis.
1082 994 1124 998 —
1151 977 1251 1009 Modo
1276 978 1411 1017 quantus
1421 975 1437 1006 ‘s

164 1069 218 1103 15.

250 1022 359 1061 Major
383 1032 469 1055 nunc
492 1032 630 1064 sursum,
656 1027 773 1065 quanto
796 1025 900 1056 minor
925 1028 1000 1057 ante
1024 1025 1182 1057 deorsum.

246 1069 344 1102 Nilne
357 1071 404 1102 tui
418 1071 512 1103 vallis
527 1071 649 1104 habet?
663 1091 707 1096 -—
726 1073 851 1105 Immo?
864 1090 912 1096 —-
929 1072 1035 1112 Quid?
1056 1090 1098 1095 —-
1121 1073 1209 1106 Ossa.
1230 1089 1274 1094 —
1295 1071 1485 1111 Quousque?

247 1117 360 1150 Donec
386 1120 525 1152 coeleste
549 1118 607 1152 fiat
630 1122 785 1153 terrestre
811 1120 957 1153 cadaver.

246 1165 318 1199 Hoc
342 1167 470 1207 quando
495 1166 576 1200 fiet?
603 1186 647 1190 —
672 1168 780 1202 Omnis
807 1177 881 1201 caro
907 1168 1033 1209 quando
1059 1171 1214 1210 resurget.

238 1252 309 1280 Cod.
330 1252 508 1281 Altovaden.
531 1251 576 1281 60.
599 1261 675 1282 saec.
699 1251 741 1281 15.
762 1253 798 1282 A.
819 1269 856 1275 -κ
878 1254 947 1283 Cod.
969 1254 1066 1282 Palat.
1089 1254 1293 1283 Vindobonen.
1317 1251 1391 1282 1946
1413 1254 1484 1282 anni

163 1288 244 1319 1482.
265 1292 298 1319 B.
326 1306 364 1310 —
385 1292 443 1319 Die
461 1291 626 1320 Aufschrift
649 1293 732 1328 gicht
750 1294 784 1321 B.
811 1307 850 1312 --
876 1290 902 1320 Γ).
922 1293 971 1328 Ey
996 1294 1067 1331 quid
1094 1295 1154 1330 agis
1178 1293 1221 1328 B3
1249 1296 1329 1321 taces
1357 1293 1484 1321 confaris

158 1329 193 1356 A.

161 1366 205 1395 11.

157 1407 192 1434 A.

161 1649 191 1683 1.

220 1344 259 1348 —
283 1328 311 1358 4.
335 1330 395 1358 Cur
423 1332 504 1358 taces
524 1330 557 1359 B.
586 1345 626 1350 —-
651 1330 677 1359 9.
698 1331 790 1368 flagro
811 1332 845 1359 A.
874 1348 911 1351 —
944 1330 987 1359 10.
1008 1332 1082 1360 ubi?
1110 1331 1249 1360 Studiose
1270 1332 1371 1359 cadim
1390 1331 1424 1358 B.

228 1368 313 1402 Quod
339 1370 394 1397 tibi
421 1371 603 1405 cognomen?
631 1369 666 1397 B.
688 1384 726 1389 -—
756 1368 799 1398 14.
829 1371 926 1398 minor
946 1372 1034 1398 antea
1053 1371 1096 1398 fui
1117 1371 1149 1398 B.
1171 1386 1210 1390 —
1232 1368 1276 1398 15.
1297 1370 1390 1398 Immo
1412 1369 1486 1397 fehlt

214 1421 251 1427 .-
275 1405 317 1435 16.
331 1407 436 1436 Donec
455 1409 594 1436 terrestre
613 1407 667 1436 fiat
689 1409 816 1437 coeleste
835 1410 870 1437 A.
891 1424 928 1429 —
952 1407 986 1436 17
1007 1408 1081 1437 fehlt
1100 1409 1135 1437 A.

558 1558 619 1591 221.
662 1558 771 1591 Oratio
794 1559 889 1601 Regis
912 1560 1095 1601 Anglorum.

218 1650 291 1683 Rex
316 1651 505 1683 cunctorum
529 1650 741 1692 saeculorum,
851 1652 883 1685 5.
910 1650 978 1684 Hos
1004 1659 1137 1683 coronas
1162 1652 1257 1690 atque
1284 1650 1382 1682 donas

267 1699 338 1731 Rex
364 1698 448 1731 arcis
471 1699 651 1738 aethereae,
960 1699 1072 1732 Gloria
1096 1697 1277 1738 multiplici,

215 1746 336 1780 Rector
359 1747 438 1791 poli,
465 1749 573 1779 rector
598 1747 669 1789 soli,
912 1747 972 1789 Qui
995 1748 1029 1779 in
1054 1747 1173 1779 mundo
1200 1746 1297 1778 corde
1320 1745 1438 1778 mundo

263 1796 387 1836 Regum
411 1804 470 1827 rex
496 1795 660 1829 altissime.
957 1795 1030 1828 Vita
1055 1796 1167 1828 vivunt,
1191 1794 1339 1834 simplici.

215 1863 275 1903 Qui
300 1865 333 1895 et
359 1864 458 1896 maris
486 1863 670 1906 dominaris,
851 1865 882 1898 6.
910 1863 952 1896 Hi
978 1864 1122 1902 beantur,
1151 1864 1344 1895 coronantur

265 1911 445 1945 Conturbas
470 1914 502 1943 et
528 1911 640 1954 exit-as,
955 1912 995 1944 In
1017 1910 1291 1952 superlunaribus,

213 1959 269 2001 Et,
298 1969 368 1992 cum
388 1960 507 2001 placet,
533 1962 669 1993 stratum
693 1960 789 2002 Jacet,
910 1961 1049 2000 Quorum
1073 1962 1195 1992 mentes
1221 1962 1296 1991 sunt,
1320 1957 1482 1991 ferventes

263 2009 390 2042 Motum
417 2009 484 2049 ejus
510 2008 648 2050 mitigas.
957 2009 1036 2049 Igne
1061 2009 1165 2040 sancti
1190 2007 1333 2048 spiritus.

215 2077 265 2111 Tu
291 2076 419 2117 creasti,
446 2079 482 2109 tu
507 2074 655 2109 formasti
851 2077 881 2111 7.
909 2077 1125 2116 Peccatorem,
1153 2075 1336 2115 adjutorem

264 2125 389 2167 Coelos,
414 2127 531 2167 terras,
557 2124 670 2167 maria,
956 2124 1017 2164 Qui
1040 2133 1104 2157 nou
1128 2124 1219 2164 ponit
1242 2122 1424 2165 Dominum,

214 2176 302 2216 Quae
325 2172 442 2214 fecisti,
470 2173 655 2214 condidisti,
906 2174 1104 2213 Exaltatum‚
1132 2173 1288 2205 elevatum

261 2223 312 2255 Tu
337 2222 497 2264 gubernas
523 2222 639 2254 omnia.
955 2221 1061 2262 Super
1087 2221 1210 2261 ceth-OS,
1235 2220 1406 2262 Libanum,

213 2292 317 2326 Omne
340 2289 460 2323 bonum
484 2291 575 2322 tuum
601 2290 729 2332 donum,
906 2268 1112 2310 1nfffl'nalem’
1139 2269 1348 2310 gehennalem

261 2337 590 2380 Omnipotenffissime’
954 2318 1122 2360 Demergis
1146 2319 1181 2350 in
1207 2318 1376 2351 clibanum.

214 2389 338 2423 Cuncta
362 2389 456 2429 grata
480 2388 537 2420 tua
563 2386 648 2428 data,
849 2390 880 2423 8.
907 2387 946 2420 In
970 2387 1103 2428 Averni,
1129 2386 1163 2418 in
1187 2385 1307 2418 inferni

258 2436 471 2470 Dominorum
495 2435 633 2470 dominc.
953 2435 1137 2469 Tenebroso
1164 2444 1293 2468 carcere
