1653 2668
712 114 876 150 -209
927 136 970 141 —

185 213 216 243 3.
243 210 409 243 Ecclesiae
433 211 507 243 tuae
532 211 651 244 electus
882 215 914 249 6,
941 212 1059 247 Confer
1085 212 1169 246 vitae
1194 213 1376 253 sanitatem,

244 258 367 292 Doctor
391 257 496 291 faetus
522 262 554 291 et
576 259 740 299 perfectus
938 262 1033 294 Dona
1056 269 1179 294 morum
1204 261 1404 293 honestatem

293 306 339 338 Et
361 305 419 339 flos
444 307 632 348 pudicitiae,
985 309 1030 342 Et
1054 309 1162 351 quieta
1186 311 1341 349 tempora,

249 355 354 395 Vagos
379 354 501 396 stringe
526 356 693 397 cogitatus,
939 359 1031 398 Auge
1056 366 1163 391 veram
1190 356 1356 390 caritatem

246 403 309 436 Per
333 405 366 434 te
388 402 496 435 salvus
520 404 554 436 in
579 412 630 435 me
654 406 756 437 status
941 406 1148 447 Pectorisque
1169 405 1352 446 puritatem,

291 449 398 491 Degat
421 450 634 485 innocentiae.
987 453 1044 485 Me
1066 454 1270 494 languentem
1294 453 1422 487 robora.

185 510 217 542 4.
245 508 363 541 Sensus
388 507 482 541 frena
504 507 705 542 fiuctuantes.
882 513 912 545 ’7,
941 512 965 545 Ο
991 511 1133 553 lucerna,
1161 509 1220 543 flos
1245 510 1409 550 virtutum,

245 557 364 589 Hostes
390 555 467 597 fuga
490 557 727 597 conturbanteS,
937 559 1061 602 Doctor
1086 562 1196 591 tenens
1221 559 1284 591 iter
1306 562 1419 599 tutum,

295 604 447 645 Reprime
468 605 647 646 daemonia,
988 606 1091 640 Stella
1113 607 1223 639 lucens
1248 606 1370 648 sedulo,

247 652 353 685 Dema
376 655 525 692 mentem,
550 654 631 685 iram
656 652 759 692 frena,
938 655 1041 688 Jubar
1065 658 1140 687 tuae
1167 654 1297 695 pietatis

250 699 368 734 Confer
392 709 515 742 pacem,
543 710 598 733 cor
623 710 746 742 serena,
938 702 994 735 Me
1021 702 1174 735 defendat
1197 713 1217 735 a
1241 703 1383 742 peccatis

294 747 399 781 Aufer
424 749 642 783 adversantia.
990 750 1120 783 Tollens
1146 750 1185 783 ab
1213 751 1384 791 ergastulo.

188 808 219 840 5.
246 807 369 840 Doctor
395 807 490 848 clare,
517 810 552 839 tu
579 807 712 848 dignare
883 809 915 841 8.
942 808 1037 841 Vitae
1059 816 1149 840 meae
1172 816 1248 849 rege
1272 816 1407 850 cursum,

247 855 448 888 Delictorum
471 855 650 896 impetrare
942 857 1022 889 Post
1044 856 1129 889 hane
1150 856 1249 889 vitam
1272 856 1352 888 tolle
1375 864 1501 888 sursum

297 903 380 935 Mihi
407 903 526 937 Christi
551 903 686 944 veniam,
989 904 1137 936 Animam
1164 905 1205 936 ad
1232 904 1359 945 gaudia,

251 951 298 985 Ut
321 951 369 983 sic
393 952 513 992 possim
539 952 702 992 respirare
942 951 1006 985 Ubi
1029 952 1131 984 Deum
1158 952 1369 991 contemplari

247 999 472 1041 Excessusque
498 1000 670 1032 emendare
943 1000 1108 1040 Justisque
1134 999 1311 1032 consociari

298 1047 494 1081 Consecutus
519 1048 665 1089 gratiam,
989 1047 1120 1080 Merear
1143 1048 1178 1080 in
1204 1048 1317 1089 gloria.

270 1114 339 1142 Cod.
362 1114 392 1143 S.
413 1114 496 1142 Petri
516 1114 718 1152 Salisburgen.
740 1123 759 1142 a
777 1115 824 1143 ΠΙ
846 1112 890 1142 10.
912 1123 988 1142 saec.
1012 1112 1055 1141 15.
1075 1115 1110 1142 A.
1131 1128 1168 1132 —
1191 1113 1260 1142 Cod.
1282 1117 1311 1141 S.
1325 1114 1406 1142 Petri
1422 1113 1516 1142 Salis·

191 1153 311 1189 burgen.
340 1153 359 1181 h
385 1154 417 1181 II
446 1150 492 1181 30.
519 1160 595 1181 saec.
619 1151 663 1181 15.
684 1153 717 1182 B.
739 1168 763 1172 —
799 1153 871 1181 Chn.
894 1153 1049 1180 Monacen.
1069 1151 1118 1188 (ol.
1141 1152 1193 1180 SS.
1214 1151 1349 1181 UdaIrici
1371 1154 1399 1179 et
1420 1150 1519 1187 Afrae)

188 1189 265 1220 4423
295 1192 367 1218 anni
390 1189 472 1220 1481.
495 1192 526 1220 C.
548 1207 585 1212 -
607 1191 677 1220 Cod.
698 1191 793 1219 Palat.
808 1191 1015 1220 Vindobonen.
1035 1189 1083 1222 (ol.
1104 1191 1314 1226 Lunaelacen.)
1334 1189 1420 1219 4977.
1441 1199 1517 1219 saec.

192 1228 235 1257 15.
265 1231 301 1258 D.
335 1244 371 1249 —
397 1230 477 1259 Orat.
505 1239 559 1258 ms.
587 1230 683 1258 Palat.
704 1230 909 1259 Vinclobonen.
937 1227 1013 1258 4106
1042 1236 1118 1258 saec.
1148 1227 1191 1257 15.
1211 1230 1248 1257 Ε.
1269 1243 1307 1248 -
1329 1228 1398 1258 Ood.
1419 1229 1514 1258 Palat.

189 1268 398 1297 Vindobonen.
419 1267 505 1296 2014.
526 1276 603 1297 saee.
625 1267 669 1297 15.
689 1268 723 1297 F.

266 1308 329 1335 Das
344 1307 420 1335 Lied
441 1307 521 1335 steht
541 1308 585 1335 als
600 1306 744 1344 Sequenz,
764 1316 824 1335 was
846 1315 876 1334 es
898 1306 1106 1343 urspriinglich
1128 1305 1302 1334 keinesfalls
1317 1307 1364 1340 ist,
1386 1307 1419 1333 in
1431 1306 1516 1335 Miss.

191 1354 245 1373 ms.
276 1345 374 1373 Palat.
405 1345 611 1374 Vindobonen.
644 1344 717 1374 1797
747 1346 807 1373 uncl
840 1347 896 1373 mit
924 1345 1127 1373 verendertem
1156 1344 1288 1381 Anfang:
1321 1345 1517 1381 Dispensator

190 1384 375 1420 regularum,
402 1384 576 1418 Benedicta,
604 1386 638 1412 tu
657 1392 820 1419 sacrarum,
851 1384 895 1412 als
915 1383 990 1412 Lied
1012 1384 1064 1411 auf
1081 1384 1137 1411 den
1157 1383 1197 1411 hl.
1218 1383 1362 1412 Benedict
1387 1384 1419 1410 in
1440 1384 1515 1411 Clm.

190 1423 348 1451 Monacen.
367 1421 417 1458 (ol.
438 1420 589 1459 Tegurin.)
609 1420 645 1451 20
653 1421 708 1451 021
731 1424 801 1450 anni
824 1420 906 1450 1470.

268 1460 299 1497 1,
327 1459 345 1488 2
365 1463 534 1489 sanctarum
551 1461 611 1489 AB.
632 1477 671 1481 -—
691 1460 722 1495 2,
751 1459 768 1488 5
789 1470 871 1498 spem
890 1470 968 1497 pono
991 1461 1052 1488 AB.
1073 1475 1110 1481 —
1148 1477 1163 1494 =,
1190 1458 1208 1487 2
1228 1459 1339 1488 Doctor
1358 1459 1515 1496 perfectus»

189 1509 247 1534 que
266 1500 326 1528 Dei
347 1502 461 1528 amator
482 1500 541 1528 ΑΒ.
563 1514 599 1520 -—
621 1497 648 1533 3,
669 1497 687 1528 3
709 1499 779 1527 Flos
800 1509 831 1526 es
851 1499 1013 1535 pudicitiae
1032 1499 1092 1528 ΑΒ.
1115 1513 1153 1517 -
1175 1496 1201 1532 3,
1224 1497 1241 1526 6
1260 1497 1380 1534 Degant
1398 1497 1458 1526 AB.
1484 1515 1485 1519 =

188 1537 222 1573 4,
253 1536 271 1566 6
299 1538 471 1567 adversaria
490 1538 550 1566 AB.
578 1552 617 1557 ·—
641 1536 674 1572 5,
700 1535 718 1566 3
740 1538 854 1566 Christi
879 1538 954 1566 fehlt
972 1537 1033 1565 AB.
1053 1554 1092 1558 —
1117 1535 1151 1570 6,
1180 1535 1196 1564 5
1222 1545 1278 1574 que
1303 1536 1377 1564 fehlt
1398 1536 1458 1564 AB.
1479 1552 1517 1557 -ψ

187 1576 221 1613 7,
253 1575 270 1604 2
299 1579 433 1605 sternens
460 1578 517 1604 iter
538 1578 575 1611 (ἐς
604 1585 726 1605 cernens
753 1578 809 1604 iter
829 1577 865 1606 D.
888 1591 925 1595 ——
945 1574 977 1613 8,
1005 1574 1022 1604 6
1042 1576 1208 1604 Mereamur
1228 1574 1286 1602 AB.
1309 1588 1347 1593 -—
1365 1574 1437 1602 Man
1456 1576 1515 1612 vgl.

191 1615 243 1644 das
264 1615 340 1644 Lietl
362 1615 583 1652 Contemplator
602 1616 759 1649 trinitatis,
789 1614 914 1644 welches
936 1615 987 1644 der
1008 1614 1132 1643 Dichter
1152 1614 1248 1642 dieses
1268 1613 1515 1649 gebrandsehatzr

187 1654 247 1682 hat.

597 1794 661 1827 185.
700 1794 744 1827 De
765 1794 874 1827 sancto
897 1794 1096 1834 Hieronymo.

213 1899 243 1931 1.
272 1896 443 1931 Confessor
467 1897 551 1929 ahne
575 1895 716 1936 Domini,
965 1895 1026 1928 Pro
1052 1897 1117 1927 tam
1143 1893 1273 1934 indigno
1298 1891 1417 1926 famulo

321 1946 340 1979 J
345 1954 496 1987 eronyme
518 1945 623 1985 beate,
1009 1943 1099 1975 Tuae
1123 1941 1313 1982 sanctitatis,

272 1993 422 2026 Nefando
445 1993 523 2026 mihi
549 1993 668 2026 homini
882 1993 936 2026 15.
964 1990 1008 2025 Ut
1032 1990 1182 2032 plasmati
1208 1989 1321 2030 exiguo

318 2042 368 2075 De
392 2044 448 2075 tua
472 2042 616 2074 bonitate
1013 2039 1096 2072 Suae
1119 2038 1342 2071 immensitatis

212 2093 243 2126 5.
271 2091 413 2132 'suisque
436 2091 555 2123 sanctis
579 2089 729 2130 precibus
962 2090 1038 2128 Ipse
1060 2087 1196 2128 largitor
1219 2086 1343 2127 gratiae

317 2139 448 2172 Sincere
473 2138 646 2172 confidenti
1010 2136 1074 2168 Per
1098 2144 1187 2169 suam
1212 2136 1364 2176 pietatem

267 2189 313 2222 Et
336 2189 542 2229 peccatorum
562 2186 711 2220 sordibus
963 2185 1010 2220 Ob
1037 2194 1113 2217 suae
1139 2183 1325 2216 clementiae

319 2236 503 2270 Crucleliter
529 2234 663 2269 foetenti
879 2235 934 2268 20.
1009 2233 1200 2266 Immensam
1224 2231 1399 2265 bonitatem

269 2285 420 2327 Digneris
444 2284 517 2325 pius
543 2284 668 2318 veniam
961 2282 1120 2324 Dignetur
1145 2281 1248 2314 sinum
1273 2281 1397 2321 gratiae

184 2336 240 2370 10.
314 2334 347 2368 Α
370 2334 441 2368 Deo
465 2333 630 2374 postulare
1009 2330 1190 2364 Clementer
1212 2329 1340 2371 aperire

259 2386 323 2419 Per
348 2386 498 2423 tuamque
524 2381 723 2415 clementiam
963 2380 1016 2414 Ad
1042 2382 1160 2413 statum
1184 2378 1386 2412 innocentiae

313 2433 461 2466 Eundem
487 2431 662 2472 deprecare
1008 2429 1217 2471 Praestetque
1241 2429 1419 2471 pervenire,

244 2496 265 2520 D
274 2500 373 2522 reims,
387 2494 433 2518 Pia
446 2492 592 2518 Dietamina.
1282 2483 1320 2515 14
