1653 2668
200 241 218 272 tn

176 1862 228 1895 10.

173 2189 227 2221 11.

716 141 951 176 -30—

224 266 231 273 .
258 239 362 279 Salve,
386 238 434 272 fili
456 240 518 272 Dei
542 239 640 278 Deus,

307 287 466 327 Splendor
489 287 591 327 patris
617 286 747 329 gloriae,

258 335 333 367 Vita
357 344 436 376 mea,
459 335 546 368 Deus
570 342 671 373 meus,

303 383 404 415 Amor
428 385 459 415 et
484 382 627 422 deliciae,

256 430 331 463 Tibi
355 431 467 463 laudes
493 430 569 462 licet
596 437 710 461 caenus

307 477 447 510 Cantabo
477 476 627 517 quotidie.

256 564 334 606 Ave,
360 562 435 604 fuga
460 562 674 602 tenebrarum,

304 611 387 643 Solis
411 612 467 643 lux
492 613 524 642 et
548 610 699 651 siderum,

257 658 343 698 Jesu,
369 659 455 691 salus
480 658 666 697 animarum,

302 705 468 739 Medicina
492 706 656 747 scelerum,

256 755 296 787 ln
319 754 381 785 hac
404 754 489 786 valle
512 753 717 785 lacrimarum

303 801 442 841 Respice
461 810 512 833 me
535 801 695 835 miserum.

222 914 229 920 .
256 887 346 926 Vale,
373 888 440 920 vita
463 888 638 927 beatorum,

303 936 390 974 Jesu,
417 935 505 976 pacis
531 935 621 974 visio,

257 983 319 1014 Via
342 983 437 1026 vitae,
464 992 536 1023 spes
561 983 734 1023 lapsorum,

303 1031 443 1063 Reorum
467 1030 655 1072 redemptio,

255 1078 309 1110 Ad
334 1080 366 1109 te
391 1079 487 1110 miser
510 1080 713 1118 peccatorum

302 1126 390 1158 Mole
414 1135 544 1166 pressus
569 1124 666 1165 fugio.

257 1213 344 1254 Jesu,
372 1212 472 1243 virtus
500 1211 639 1251 deitatis,

302 1259 408 1291 Patris
433 1259 601 1299 sapientia,

257 1307 306 1338 Tu
331 1315 363 1338 es
391 1308 504 1339 dextra
528 1307 714 1346 majestatis,

305 1354 368 1386 Par
391 1355 494 1395 patris
518 1354 671 1394 potentia,

255 1403 377 1434 Auctor
401 1402 627 1440 universitatis,

302 1450 375 1482 Rex
401 1452 433 1481 et
456 1458 568 1490 regens
594 1450 709 1482 omnia.

255 1536 305 1568 Tu
330 1544 363 1566 es
389 1536 541 1576 splendor
567 1537 599 1567 et
621 1534 724 1575 figura

302 1583 461 1616 Paternae
483 1581 690 1624 substantiae,

256 1630 397 1664 Verbum
422 1630 542 1663 factum
567 1639 641 1663 caro
665 1641 757 1672 pura,

304 1679 415 1712 Carnis
442 1688 553 1711 carens
580 1679 674 1720 carie,

254 1727 297 1759 Et
325 1730 448 1759 creator
474 1729 639 1759 creaturae

303 1774 410 1807 David
435 1784 474 1807 ex
494 1774 655 1814 progenie.

255 1861 305 1893 Tu
331 1869 363 1892 es
387 1861 473 1892 mitis
499 1862 530 1892 et
554 1869 694 1902 severus,

303 1908 441 1940 Humilis
466 1908 649 1948 altissimus,

253 1957 365 1997 Agnus
387 1956 483 1996 mitia,
508 1956 558 1988 leo
583 1954 680 1999 ferus,

303 2004 483 2037 Clementer
504 2004 709 2045 justissimus,

254 2053 342 2085 Deus
367 2050 470 2093 fortis,
496 2052 589 2083 homo
615 2060 719 2093 verus,

301 2101 453 2133 Potenter
477 2099 648 2140 piissimus.

254 2187 304 2219 Tu
329 2195 362 2218 es
382 2187 484 2227 judex
507 2185 661 2228 veritatis,

301 2236 388 2268 Fons
414 2238 519 2267 tamen
547 2234 742 2275 clementiae,

253 2283 341 2316 Deus
366 2280 470 2324 fortis,
493 2283 593 2323 judex
618 2283 718 2323 pacis,

300 2331 371 2363 Rex
394 2335 503 2364 tamen
524 2330 677 2371 justitiae,

254 2379 382 2411 Vindex
403 2380 508 2420 justus
530 2378 710 2420 pravitatis,

299 2428 390 2461 Vena
413 2431 519 2460 tamen
541 2427 661 2460 veniae.

860 238 915 271 12.

858 563 913 595 13.

857 889 912 921 14.

856 1212 911 1245 15.

857 1537 910 1571 16.

856 1862 908 1894 17.

856 2188 910 2220 18.

940 238 990 271 Tu
1015 247 1048 270 es
1074 246 1174 270 novae
1195 238 1279 271 lator
1302 238 1382 279 legis

988 286 1033 318 Et
1056 285 1191 325 largitor
1215 287 1342 328 veteris,

941 333 1011 366 Rex
1035 336 1065 365 et
1090 335 1183 365 natus
1208 335 1321 366 summi
1346 334 1439 374 regis,

987 381 1193 415 Descendens
1219 392 1238 414 a
1262 382 1386 422 superis

941 430 1039 462 Ovem
1063 429 1105 460 ad
1130 429 1212 461 ovile
1237 430 1341 470 gregis

987 478 1100 510 Portas
1126 479 1161 507 tu
1183 477 1217 507 in
1242 477 1390 510 humeris.

940 562 989 595 Tu
1014 563 1137 603 peceati
1161 564 1346 603 poenitudo,

988 611 1107 643 Reatus
1124 611 1310 650 remedium,

939 658 988 691 Tu
1015 658 1131 690 erroris
1153 658 1322 699 rectitudo,

987 706 1115 738 Doloris
1140 704 1308 746 refugium,

941 753 990 786 Tu
1015 753 1131 786 amoris
1156 753 1332 793 plenitudo,

987 801 1125 834 Pudoris
1152 801 1350 833 connubium.

939 887 988 921 Tu
1014 896 1047 919 es
1072 887 1160 927 pacis
1186 887 1358 926 gratitudo,

985 935 1113 967 Amoris
1136 934 1274 974 justitia,

939 983 988 1015 Tu
1011 983 1044 1014 in
1068 983 1121 1013 via
1145 980 1311 1023 fortitudo,

988 1030 1165 1063 Praemium
1191 1030 1224 1062 in
1249 1030 1364 1070 patria,

940 1079 1125 1111 Sanctorum
1149 1077 1324 1118 beatitudo,

989 1126 1184 1166 Angelorum
1208 1126 1319 1166 gloria.

938 1211 987 1244 Tu
1012 1222 1046 1245 es
1069 1211 1150 1251 legis
1174 1209 1351 1250 plenitudo,

990 1259 1121 1292 Gratiae
1143 1260 1178 1289 tu
1202 1259 1346 1299 largitas,

939 1306 1033 1339 Fidei
1057 1309 1092 1338 tu
1117 1305 1283 1344 fortitudo,

985 1355 1034 1387 Tu
1059 1354 1127 1394 spei
1151 1353 1365 1393 profunditas,

938 1402 1087 1436 Caritatis
1111 1401 1259 1444 latitudo,

985 1449 1054 1492 Via,
1083 1449 1158 1488 vita,
1186 1450 1314 1482 veritas.

936 1536 1021 1577 Tibi,
1047 1537 1134 1576 Jesu,
1163 1536 1299 1568 creatori

984 1585 1087 1616 Detur
1111 1583 1303 1621 benedictio,

937 1632 1020 1672 Tibi,
1047 1632 1136 1669 Jesu,
1162 1630 1315 1664 salvatori

985 1679 1168 1712 Gratiarum
1194 1679 1288 1718 actio,

936 1726 1020 1767 Tibi,
1047 1727 1135 1766 Jesu,
1161 1726 1357 1766 redemptori

984 1774 1094 1807 Honor
1120 1776 1152 1805 et
1175 1773 1319 1808 salvatio.

936 1861 1020 1901 Tibi,
1046 1861 1067 1894 J
1070 1869 1134 1900 esu,
1160 1859 1305 1892 confiteri

983 1909 1108 1941 Bonum
1133 1910 1180 1939 est
1206 1910 1239 1940 et
1258 1909 1410 1948 psallere,

935 1956 1054 1989 Modus
1080 1956 1168 1996 cujus
1192 1959 1241 1988 est
1264 1956 1396 1995 mederi,

984 2004 1069 2037 Usus
1096 2008 1144 2035 est
1167 2004 1342 2045 ignoscere,

941 2054 961 2087 J
964 2062 999 2084 us
1023 2053 1158 2084 naturae
1180 2052 1326 2084 misereri

984 2100 1030 2132 Et
1053 2100 1200 2132 voluntas
1225 2109 1370 2141 parcere.

937 2187 1010 2219 Non
1034 2189 1083 2218 est
1107 2195 1185 2218 onus
1206 2186 1254 2219 ita
1274 2196 1373 2228 grave

984 2234 1030 2267 Ut
1053 2234 1179 2275 peccati
1202 2235 1338 2273 sarcina,

939 2283 1060 2323 Corpus
1086 2283 1169 2314 enim
1194 2283 1314 2322 premit
1336 2292 1446 2324 prave,

988 2330 1100 2363 Gordis
1127 2340 1260 2364 caecans
1284 2332 1407 2363 lumina

938 2379 1081 2411 Mentem
1108 2379 1195 2411 ducit
1218 2380 1251 2411 in
1277 2388 1337 2412 vae
1361 2389 1381 2412 a
1404 2389 1464 2412 vae

986 2427 1032 2460 Et
1056 2427 1189 2460 offendit
1211 2428 1351 2463 numina.
