1653 2668
695 139 954 173 -260-

188 236 220 268 5.
247 235 390 276 Simplex
415 235 505 267 miles
531 235 645 275 arripit

295 293 403 325 regem
429 282 610 323 aliquando,

246 331 382 372 Ludum,
409 339 499 371 quem
525 330 754 372 praediximus,

293 388 389 420 saepe
413 377 654 418 frequentando,

250 427 304 459 Sic
328 430 360 459 et
382 434 505 468 pauper
529 426 700 459 monachus

296 475 378 507 bene
401 474 562 515 vigilando

253 523 342 556 Coeli
368 522 455 562 capit
475 521 645 553 Dominum

301 571 415 604 devote
440 569 608 601 cantando.

196 648 227 680 6.
252 647 339 679 Talis
366 646 449 679 enim
474 646 578 685 captio

302 694 402 726 duleis
428 695 476 725 est
501 696 533 725 et
555 693 647 736 bona,

253 741 361 775 Jesum
388 740 586 781 capientibus

303 790 358 822 dat
382 797 440 821 rex
464 789 555 829 larga
578 788 670 829 bona,

255 837 334 877 Quia
355 846 418 870 non
443 836 634 868 discernitur

300 885 338 917 ab
364 885 433 924 ipso
458 893 603 925 persona,

258 932 388 971 Quando
413 931 617 972 vigilantibus

304 980 433 1012 dabitur
457 987 581 1011 corona.

203 1056 233 1089 ’7.
259 1055 343 1087 Dum
366 1063 459 1086 mane
480 1055 694 1095 consurgimus

306 1103 345 1135 de
371 1102 568 1142 dormitione,

260 1150 420 1183 Christum
443 1158 550 1190 regem
575 1150 714 1189 capimus

306 1197 398 1229 brevi
422 1204 491 1227 eum
515 1205 669 1237 sermone,

264 1245 448 1284 Vulnerum,
475 1253 555 1283 quae
578 1252 685 1284 passus
717 1248 774 1285 est,

312 1291 531 1324 recordatione

265 1339 472 1379 Disciplinae,
497 1339 636 1381 lanceae,

307 1387 437 1426 spineae
461 1395 603 1419 coronae.

202 1463 236 1496 8.
260 1461 312 1493 Ex
336 1462 385 1494 his
410 1462 491 1493 solet
513 1460 612 1494 fluere

309 1509 446 1542 nectaris
473 1510 589 1549 resina,

262 1557 346 1595 Quae
371 1559 418 1589 est
442 1558 662 1596 peccatoribus

305 1613 426 1636 summa
449 1605 618 1646 medicina,

260 1652 392 1691 Quando
415 1651 484 1684 Deo
507 1653 673 1692 psallimus

306 1703 412 1732 mente
436 1700 624 1740 columbina,

261 1746 365 1779 Datur
389 1747 501 1788 procul
527 1747 623 1780 dubio

309 1796 412 1835 gratia
437 1795 553 1830 divina.

204 1871 236 1903 9.
265 1870 389 1904 Corona
412 1872 608 1911 promittitur

303 1928 395 1951 mane
420 1920 574 1963 vigilanti,

260 1965 324 1998 Ubi
347 1968 434 2000 Deus
458 1968 601 2007 praemia

307 2014 396 2047 dabit
419 2015 580 2057 militanti,

260 2060 336 2093 Cum
360 2071 493 2103 sponsus
518 2064 694 2105 advenerit,

308 2113 340 2141 et
364 2119 435 2142 cum
460 2111 646 2145 dormitanti

262 2156 333 2189 Non
357 2158 480 2198 patebit
500 2160 607 2203 janua,

309 2214 401 2245 quam
424 2206 589 2240 intrabunt
614 2209 727 2241 saneti.

184 2279 238 2312 10.
265 2279 396 2314 Somnus
422 2285 470 2315 est
495 2284 693 2318 dulcissimus

309 2337 433 2370 semper
456 2331 489 2363 in
513 2342 637 2376 aurora,

262 2376 350 2408 Tunc
375 2377 462 2410 cibus
488 2380 627 2421 digestus
653 2386 703 2414 cst

313 2425 354 2457 ad
378 2424 539 2469 inferiora,

935 234 981 266 Et
1003 234 1143 267 laetatur
1167 234 1273 267 anima

982 281 1144 322 sanguinis
1167 282 1202 313 in
1226 282 1316 321 hora,

937 329 1028 361 Tunc
1051 331 1167 361 natura
1192 330 1319 362 solvere

983 376 1066 408 solet
1089 377 1246 417 graviora.

855 453 909 486 11.
935 452 1007 484 Non
1031 451 1127 484 debet
1150 452 1212 484 hoc
1236 455 1381 492 tempore

984 499 1157 531 monachus
1184 500 1334 539 dormire,

938 547 1125 580 Castitatem
1150 548 1204 588 qui
1229 556 1318 579 suam

984 595 1071 628 volet
1096 595 1266 634 custodire,

935 643 1026 675 Tunc
1050 643 1132 675 solet
1157 641 1315 683 fragilitas

986 691 1090 723 earnis
1117 690 1262 730 ebullire,

937 739 1035 778 Quam
1062 747 1174 770 sacrae
1197 738 1328 779 vigiliae

988 785 1109 818 faciunt
1133 786 1249 826 perire.

857 861 911 894 12.
937 863 1083 903 Asperae
1106 862 1236 903 vigiliae

987 913 1061 942 sunt
1084 910 1185 950 pigris
1209 913 1246 942 ut
1269 909 1392 950 spinae,

941 958 1005 991 Sed
1030 967 1107 989 vere
1130 958 1295 990 sciendum
1322 960 1379 1000 est,

987 1006 1062 1045 quia
1080 1005 1256 1038 matutinae

941 1054 1092 1093 Corporis
1119 1056 1150 1085 et
1175 1053 1300 1086 animae

987 1099 1069 1132 fiunt
1091 1101 1280 1141 medicinae,

941 1148 1024 1180 Nam
1050 1151 1147 1188 caput
1171 1158 1191 1181 a
1214 1149 1397 1190 phlegmate

990 1199 1131 1236 purgant
1154 1196 1224 1228 sine
1246 1196 1322 1229 fine.

861 1273 915 1306 13.
941 1272 1029 1313 Ergo
1057 1273 1111 1305 diu
1136 1273 1245 1306 vivere

989 1320 1135 1352 monachi
1160 1321 1349 1361 probantur,

947 1367 1027 1406 Quia
1051 1377 1111 1400 nec
1137 1368 1265 1401 cibariis

986 1424 1045 1447 nee
1069 1425 1179 1448 somno
1204 1418 1387 1459 gravantur,

943 1463 1113 1504 Probatur,
1140 1464 1226 1504 quod
1250 1463 1383 1505 plurimi

988 1511 1065 1544 inde
1088 1512 1275 1551 moriantur,

941 1558 1031 1597 Quod
1057 1560 1162 1591 carnis
1183 1560 1216 1591 in
1243 1559 1376 1600 crapula

988 1607 1083 1639 nimis
1108 1607 1296 1648 gloriantur.

863 1683 916 1716 14.
943 1683 995 1715 Ad
1022 1683 1169 1716 choream
1193 1684 1310 1717 leviter

988 1731 1133 1764 stetimus
1157 1732 1192 1763 in
1217 1730 1299 1773 foro,

940 1778 1109 1812 Placentes
1134 1780 1315 1813 hominibus

990 1827 1108 1859 vestitu
1135 1828 1262 1869 decoro,

936 1875 975 1907 In
999 1877 1091 1907 veste
1114 1885 1199 1908 nunc
1222 1875 1335 1908 humili

991 1923 1157 1962 psallimus
1182 1924 1215 1956 in
1242 1924 1338 1957 choro

946 1969 1110 2015 Canentes,
1137 1980 1178 2004 ne
1201 1972 1322 2005 similes

990 2019 1088 2051 simus
1113 2029 1290 2060 sycomoro.

861 2094 917 2127 15.
942 2094 1133 2135 sycomorus
1160 2095 1246 2129 foliis

993 2144 1113 2184 optime
1137 2146 1283 2189 vestitur,

945 2190 1010 2224 Sed
1033 2193 1139 2225 nullus
1165 2193 1224 2226 sub
1253 2193 1339 2227 foliis

992 2238 1115 2273 fructus
1139 2242 1310 2284 reperitur,

943 2288 998 2321 Ad
1023 2289 1100 2329 quid
1126 2298 1241 2330 corpus
1269 2291 1414 2324 vestibus

992 2338 1111 2370 sanctis
1138 2339 1293 2381 operitur,

945 2384 980 2418 Si
1004 2385 1062 2417 sub
1087 2386 1152 2418 illis
1178 2388 1307 2428 tepidus

991 2434 1164 2468 monachus
1190 2436 1340 2470 nutritur.
