1653 2668
684 121 920 158 „97-

611 225 657 258 69.
697 225 741 257 De
763 225 890 259 Gaudiis
909 226 1000 260 BMV.

420 306 547 340 Gaudia
571 306 622 338 bis
649 305 740 345 dena,
767 308 871 340 mater
897 306 1068 341 dulcedine
1092 307 1190 347 plena

414 355 579 395 virgoque
601 354 743 393 sensisti,
768 354 867 387 terris
893 355 969 388 dum
993 356 1067 388 viva
1094 354 1194 395 fuisti,

417 402 546 442 Poplite
571 410 653 442 quae
677 401 760 435 flexo
786 403 1017 444 recita-udoque
1041 404 1094 444 pie
1118 405 1202 436 texo.

140 479 169 512 1.
200 477 324 519 Gaude,
352 478 441 519 virgo
466 482 570 511 mater
596 478 727 520 Christi,
854 480 885 513 6.
914 478 1036 521 Gaude,
1063 488 1196 520 puerum
1224 478 1366 512 divinum

197 527 284 566 Quae
310 535 369 566 per
393 534 503 559 aurem
529 526 703 567 concepisti
911 526 1030 561 Munus
1056 528 1276 567 acceptantem
1305 526 1424 558 trinum

245 574 398 608 Gabriele
422 574 545 616 nuntio,
961 575 1098 615 Triplici
1123 575 1287 615 mysterio.

196 621 322 663 Gaude,
340 631 521 663 praegnans
535 622 656 663 absque
668 622 770 664 luctu,
914 621 1027 656 Gaude
1051 623 1224 663 Christum,
1241 622 1458 661 amplexatum

196 670 316 703 Divino
342 669 465 703 referta
490 669 607 714 fructu,
912 670 1071 711 Brachiis‚
1099 670 1200 703 Deum
1228 669 1399 710 probatum

243 719 358 753 Carnis
383 727 498 751 carens
523 718 613 751 vitio.
960 719 1080 751 Thuris
1105 718 1293 750 ministerio.

137 788 167 821 2.
196 784 320 826 Gaude,
346 785 475 818 luminis
499 786 642 827 lucerna,
853 787 883 819 7.
912 784 1034 825 Gaude,
1062 785 1186 826 prolem
1216 793 1289 817 nam
1317 784 1461 816 ostendit

197 832 255 866 Cui
283 833 463 875 congaudet
486 832 614 865 interna
910 832 1074 866 Summum
1099 842 1225 874 regem,
1258 841 1341 873 quae
1365 841 1458 873 prae-

243 881 405 922 Cognatae
431 881 569 914 devotio,
1232 880 1348 922 tendit,

196 929 320 970 Gaude,
347 929 455 961 lumen
480 928 514 960 in
539 931 572 960 te
597 928 738 960 clausum
958 928 1038 961 Auri
1062 928 1290 968 praesentatio.

193 977 287 1011 Nosti
311 985 372 1017 per
394 976 552 1010 Johannis
577 976 724 1016 plausum
912 976 1035 1018 Gaude,
1062 976 1196 1017 myrrha
1221 984 1290 1007 cum
1322 975 1462 1007 donatur

245 1025 353 1058 Clausi
377 1024 501 1057 ventris
527 1024 621 1058 atrio.
912 1023 1058 1056 Christus
1083 1024 1187 1066 homo,
1212 1032 1276 1063 qua
1300 1023 1446 1063 signatur

961 1071 1109 1104 Hominis
1140 1072 1287 1103 salvatio.

135 1142 168 1176 3.
196 1139 320 1182 Gaude,
349 1139 425 1181 quia
448 1139 518 1172 Deo
543 1138 640 1180 plena
851 1139 882 1172 8.
911 1137 1034 1178 Gaude,
1061 1137 1123 1170 Dei
1148 1136 1291 1169 salutare

194 1187 357 1228 Peperisti
382 1187 452 1219 sine
476 1196 580 1227 poena
910 1186 975 1220 Per
999 1189 1032 1218 te
1057 1184 1137 1218 ferri
1163 1185 1206 1218 ad
1232 1185 1337 1217 altare

245 1236 324 1269 Cum
348 1235 483 1276 pudoris
509 1235 588 1267 lilio.
961 1234 1059 1274 Legis
1085 1243 1124 1266 ex
1149 1233 1295 1272 imperio.

197 1283 321 1326 Gaude,
348 1292 466 1324 parens
491 1281 602 1315 florem
627 1282 752 1322 florum,
913 1280 1036 1322 Gaude,
1063 1281 1138 1322 quia
1162 1280 1210 1313 tui
1235 1280 1312 1319 nati,

195 1333 293 1372 Quem
319 1333 467 1372 pastores
492 1333 558 1363 tam
587 1331 738 1363 decorum
911 1330 1009 1369 Quem
1039 1329 1170 1361 dolebas
1195 1332 1331 1360 mortem
1355 1328 1434 1369 pati,

245 1380 374 1413 Norunt
398 1379 431 1411 in
457 1379 637 1420 praesepio.
958 1377 1079 1418 Fulget
1103 1377 1307 1409 resurrectio.

138 1448 172 1480 4.
199 1446 324 1489 Gaude,
352 1448 461 1478 coetus
486 1445 572 1485 quod
598 1445 746 1477 eoelestis
853 1446 885 1478 9.
913 1443 1037 1484 Gaude,
1064 1443 1150 1484 quod
1175 1443 1425 1483 omnipotentem

195 1495 314 1528 Psallit
335 1493 479 1535 gaudens
504 1496 535 1524 et
559 1491 597 1525 fit
622 1493 713 1525 testis
912 1491 1023 1525 Prima
1045 1491 1131 1523 nosti
1155 1492 1372 1531 resurgentem

243 1543 349 1575 Tanto
374 1541 558 1583 puerperio.
960 1538 1056 1572 Fidei
1080 1538 1261 1579 praesagio,

198 1589 323 1631 Gaude,
350 1598 443 1622 sacro
468 1589 554 1621 lacte
579 1596 714 1628 pascens
911 1586 1025 1620 Gaude
1051 1586 1177 1619 Christo
1204 1586 1408 1629 ascendente,

195 1639 302 1682 Hunc,
330 1638 384 1678 qui
409 1637 449 1669 ab
476 1640 607 1669 aeterno
636 1645 770 1668 nascens
913 1635 973 1674 Qui
998 1634 1040 1667 ad
1058 1634 1163 1667 coelos
1181 1637 1213 1666 te
1229 1634 1363 1667 vidente

244 1687 313 1719 Tuo
339 1685 424 1718 ludit
448 1685 579 1726 gremio.
958 1682 1078 1715 Fertur
1102 1685 1191 1714 motu
1215 1682 1361 1723 proprio.

135 1756 166 1789 5.
195 1753 319 1793 Gaude,
343 1762 428 1786 nova
451 1753 524 1785 luce
550 1752 636 1792 data,
828 1750 884 1785 10.
912 1748 1034 1793 Gaude,
1061 1752 1095 1781 te
1120 1750 1289 1782 coelestem
1314 1748 1393 1782 fecit

194 1801 309 1835 Novae
332 1800 449 1833 stellae
473 1800 621 1832 nuntiata
910 1797 955 1830 Et
979 1806 1071 1830 omne
1094 1797 1188 1830 triste
1212 1797 1332 1837 abjecit

244 1849 403 1883 Gentibus
428 1847 562 1882 indicio.
958 1845 1142 1878 Pneumatis
1167 1843 1295 1880 infusio.

195 1897 322 1940 Gaude,
347 1899 459 1930 natum
483 1904 593 1937 regem
619 1895 687 1936 poli
909 1893 1034 1933 Gaude,
1060 1893 1146 1934 quod
1170 1902 1232 1925 nec
1254 1894 1309 1926 hic
1336 1894 1458 1928 viventi

193 1946 298 1980 Deum
323 1955 384 1986 per
409 1947 476 1977 tres
503 1953 594 1986 reges
621 1942 683 1976 coli
908 1941 983 1974 Tibi
1008 1950 1068 1974 nec
1092 1942 1210 1974 mundo
1237 1942 1365 1975 cedenti

241 1995 381 2028 Munere
405 1992 544 2027 trifario.
958 1989 1070 2022 Obfuit
1095 1989 1240 2022 tentatio.

427 2051 481 2085 11.
511 2049 635 2090 Gaude,
663 2049 748 2089 quod
775 2051 850 2089 post
872 2046 1033 2080 Christum
1058 2047 1187 2079 scandis

507 2099 553 2131 Et
579 2099 628 2130 est
652 2098 755 2130 honor
778 2096 839 2129 tibi
861 2095 993 2136 grandis

556 2147 594 2180 In
618 2145 699 2179 coeli
722 2144 855 2186 palatio,

508 2195 574 2228 Ubi
599 2192 707 2227 fructu
731 2193 853 2227 ventris
877 2192 925 2224 tui

507 2243 571 2276 Per
595 2245 629 2275 te
652 2241 745 2275 nobis
773 2241 867 2273 detur
891 2239 956 2273 frui

555 2292 594 2325 In
619 2290 754 2331 perenni
778 2288 906 2331 gaudio.

207 2362 288 2391 Orat.
309 2369 363 2389 ms.
385 2360 428 2389 Te
449 2359 568 2387 urinum
589 2366 665 2386 saec.
681 2354 727 2385 15.
747 2355 820 2384 clm,
834 2356 989 2383 Monacen.
1005 2352 1041 2382 19
1048 2351 1114 2383 824.
1129 2370 1165 2374 —-
1181 2353 1209 2390 2,
1224 2353 1242 2382 6
1257 2355 1407 2384 Clausum.
1424 2371 1459 2375 ——

128 2400 154 2435 7,
178 2399 192 2429 1
213 2401 307 2438 prole.
330 2414 365 2419 —-
388 2369 454 2434 ΖΞ
476 2396 636 2426 Summam.
657 2411 695 2416 ——
718 2394 762 2430 10,
785 2394 800 2423 1
825 2395 929 2424 Gaude
949 2394 1021 2430 quia
1040 2394 1197 2422 coelestem
1214 2393 1292 2423 fecit.
1312 2410 1351 2414 —
1374 2393 1421 2429 10,
1443 2393 1461 2423 2

125 2441 170 2469 Te
190 2443 222 2469 et
240 2448 329 2468 omne
350 2440 445 2467 triste.

184 2493 312 2520 moves,
327 2490 372 2514 Pia
386 2488 532 2514 Dictamina.
1268 2479 1285 2509 7
