1653 2668
175 288 229 321 12.

176 670 231 703 13.

172 1049 228 1083 14.

172 1427 228 1460 15.

170 1799 225 1831 16.

170 2170 225 2203 17.

695 133 950 170 —105-

391 230 582 266 Secreta.

255 287 382 321 Mariae
404 289 602 330 intercessio,

256 335 318 368 Dei
340 336 527 377 propitiatio

302 384 454 417 Proderit
475 383 636 425 fidelibus,

255 431 313 464 Pia
337 435 448 464 nostra
472 433 584 473 oratio,

256 478 383 520 Exigua
406 480 525 512 oblatio

305 526 400 559 Volet
420 527 454 559 in
484 526 683 560 coelestibus,

367 611 602 646 Praefatio.

257 669 333 701 Alte
357 670 436 702 libet
466 670 654 710 exclamare,

257 716 359 749 Deum
386 726 512 757 semper
537 717 720 749 collaudare

302 765 341 796 In
365 765 485 797 honore
512 764 652 805 virginis,

257 811 365 844 Voluit
388 813 470 844 hanc
494 811 685 844 obumbrare

255 858 345 890 Dono
371 860 473 891 sancti
495 857 590 891 flatus
615 860 702 891 clare

302 905 441 939 Matrem
465 907 533 938 veri
561 907 697 939 luminis.

387 991 580 1024 Sanctus.

252 1048 328 1081 Rite
349 1049 427 1081 inde
451 1048 662 1089 subsequatur

254 1096 381 1134 Terque
406 1095 539 1128 Sanctus
566 1096 753 1128 decantatur

301 1142 442 1175 Sabaoth
464 1142 533 1175 Deo
558 1152 689 1183 summo,

257 1190 452 1223 Benedictus
477 1190 680 1230 acclamatur,

253 1237 376 1269 Nomen
400 1237 462 1270 Dei
485 1238 663 1278 invocatur,

303 1285 456 1318 Hosanna
480 1285 545 1317 alto
570 1294 656 1318 sono.

408 1369 433 1402 C
440 1379 458 1402 a
469 1379 489 1401 n
499 1378 518 1401 ο
525 1379 557 1404 n.

254 1426 357 1467 Igitur
381 1429 505 1466 patrem
530 1427 668 1459 omnium

254 1473 317 1505 Per
329 1474 351 1507 J
353 1483 439 1506 esum
455 1473 612 1506 Christum
624 1474 792 1507 Dominum

301 1521 497 1562 Suppliciter
520 1530 676 1562 rogemus,

252 1569 315 1601 Pro
340 1572 488 1608 statuque
512 1567 653 1602 fidelium

253 1616 292 1648 In
317 1617 412 1648 terris
438 1616 490 1647 hic
514 1617 696 1655 viventium,

299 1663 486 1696 Memoriam
511 1667 664 1697 tenemuS.

289 1739 669 1773 communicantes.

251 1797 296 1829 Et
319 1797 425 1829 Maria
449 1796 573 1837 eximia,

253 1845 441 1878 Sanctorum
466 1853 590 1885 quoque
612 1844 738 1884 agmina

302 1892 508 1924 Intercedant
531 1892 652 1931 sedule,

254 1940 300 1973 Ut
323 1943 433 1972 nostra
455 1939 523 1972 sint
544 1939 676 1972 servitia

255 1989 398 2028 Accepta
422 1990 455 2018 et
477 1985 600 2019 familia

301 2035 351 2067 Ne
377 2036 544 2068 damnetur
571 2035 696 2067 misere.

359 2111 607 2144 Silentium.

252 2168 358 2202 Verbo
384 2169 476 2210 panis
499 2168 673 2209 conficitur,

251 2217 289 2249 Iu
315 2225 430 2257 corpus
457 2216 575 2249 Christi
598 2216 734 2249 vertitur

298 2264 476 2305 vinumque
498 2265 531 2296 in
553 2264 757 2306 sanguinem3

250 2312 336 2345 Hinc
357 2313 465 2353 passio
493 2313 653 2353 recolitur,

252 2360 396 2393 Christus
422 2369 553 2401 surgens
577 2360 758 2401 regreditur

300 2408 353 2441 Ad
380 2409 538 2441 coelorum
564 2409 697 2449 apicem.

1027 230 1169 270 Supra
1197 239 1312 272 quae.

858 289 912 323 18.
938 289 1078 329 Intuere,
1104 291 1198 328 pater
1223 288 1319 331 clare,

938 336 984 369 Et
1009 336 1141 376 dignare
1164 338 1334 376 acceptare

988 384 1105 416 Puram
1130 387 1271 416 nostram
1296 383 1443 423 hostiam,

939 431 1104 471 Quondam
1129 434 1238 472 patres
1262 431 1430 464 immolare

941 478 1052 511 Solent
1075 481 1108 510 et
1132 478 1325 521 sacrificare,

988 527 1081 559 Hanc
1104 526 1274 567 signabant
1297 526 1467 559 victimam.

1050 611 1296 653 Supplices.

857 669 911 701 19.
939 669 1099 709 Rogamus
1120 677 1228 701 omnes
1253 669 1425 709 supplices,

939 717 1002 749 Per
1027 716 1175 756 angelum
1199 716 1355 755 suscipies

986 764 1070 796 Vota
1093 764 1140 795 tui
1165 763 1277 804 populi

937 812 975 844 In
1000 810 1137 854 sublimi,
1163 820 1224 852 quo
1249 812 1383 851 resides,

937 858 1060 891 Altaris
1086 856 1138 891 fac
1162 859 1338 899 participes

985 906 1136 946 Corporis
1164 906 1325 939 dominici.

893 990 1100 1023 Memoria
1124 990 1445 1026 defunctorum.

854 1049 909 1080 20.
938 1047 1107 1080 Gementes
1134 1056 1258 1089 quoque
1281 1049 1419 1088 petimus

935 1095 1188 1136 Memoriamque
1212 1094 1346 1128 facimus

985 1143 1042 1175 Pio
1069 1142 1229 1176 desiderio

935 1191 998 1223 Pro
1022 1190 1187 1222 animabus
1212 1190 1357 1222 omnibus

935 1238 972 1270 In
999 1237 1125 1270 Christo
1148 1238 1393 1278 quiescentibus,

984 1284 1056 1318 Sint
1078 1285 1111 1316 in
1137 1284 1315 1325 refrigerio.

994 1369 1126 1402 Nobis
1159 1379 1333 1411 quoque.

853 1427 908 1459 21.
934 1428 1071 1467 Insuper
1094 1427 1316 1466 peccatoribus

934 1473 994 1506 Pie
1016 1475 1049 1506 in
1073 1477 1107 1505 te
1131 1475 1334 1515 sperantibus

981 1521 1075 1554 Dona
1098 1526 1223 1562 partem
1248 1524 1371 1562 gratiae

934 1569 1011 1602 Cum
1035 1571 1155 1601 sanctis
1181 1570 1243 1601 tuis
1269 1570 1425 1610 omnibus,

938 1617 1109 1657 Apostolis,
1135 1617 1340 1659 martyribus,

980 1664 1049 1697 Hos
1078 1673 1148 1696 cum
1172 1665 1237 1696 illis
1263 1665 1378 1699 insere.

867 1740 1004 1772 Oratio
1029 1740 1232 1773 Dominica
1256 1744 1293 1772 et
1316 1742 1430 1783 Agnu
1442 1752 1469 1776 s,

851 1797 906 1830 22.
932 1797 1026 1830 Nunc
1050 1800 1144 1837 pater
1166 1799 1263 1830 coelis
1288 1799 1433 1832 residens

931 1845 977 1877 Et
1000 1854 1132 1885 regnum
1157 1856 1247 1879 suum
1271 1847 1415 1879 tribuens

981 1892 1049 1925 Nos
1075 1903 1095 1925 a
1118 1894 1211 1926 malis
1236 1894 1363 1935 liberet,

930 1942 1042 1981 Agnus
1064 1945 1199 1982 peccata
1223 1941 1383 1984 auferens,

931 1988 976 2020 Et
998 1997 1111 2028 pacem
1134 1989 1227 2022 nobis
1249 1990 1391 2032 largiens

980 2035 1049 2068 Sib‘i
1072 2046 1130 2071 nos
1157 2039 1352 2079 incorporet.

1041 2113 1298 2149 CommuniO.

851 2169 906 2202 23.
933 2170 1037 2202 Intret
1060 2175 1171 2205 nostra
1194 2173 1397 2214 praecordia,

934 2218 1032 2258 Quem
1057 2223 1268 2259 portaverunt
1291 2221 1417 2255 viscera

983 2265 1150 2301 Gloriosae
1176 2269 1317 2310 virginis,

935 2314 1089 2355 Expellat
1113 2320 1227 2349 cuncta
1251 2316 1386 2349 crimina

935 2362 979 2394 Et
1002 2369 1130 2397 maneat
1151 2374 1221 2397 cum
1247 2366 1351 2405 gratia

983 2410 1084 2443 Donis
1109 2414 1238 2453 replens
1264 2414 1403 2447 coelicis
