1653 2668
651 86 911 121 a—-268-——

131 199 163 231 3.
187 195 281 228 Mons
307 192 439 227 Casinus
466 193 496 221 et
521 186 597 222 Sina

235 245 310 275 sunt
333 238 591 281 aequipollentes,

186 287 473 329 Proportionaliter

233 337 296 370 sibi
320 334 561 376 respondentes,

187 385 288 426 Leges
313 383 388 416 inde
412 381 573 422 prodeunt

235 432 320 464 mala
343 429 558 471 prohibenteS‚

186 480 286 512 Varia.
309 477 469 518 stipendia

235 526 356 559 meritis
381 525 564 557 reddentes,

133 587 165 619 4.
191 584 254 617 Dat
280 583 356 616 Sina
380 580 572 620 decalogum,

239 632 379 671 regulam
404 628 548 667 Casinus,

192 679 264 711 Non
289 681 338 710 est
361 685 449 711 mons
474 685 494 707 a
518 674 621 715 gratia

239 727 302 758 iste
323 724 518 764 peregrinus,

193 775 289 808 Caret
312 773 397 805 omni
421 770 507 803 carie

241 821 325 853 coelo
351 828 439 852 mons
464 818 595 856 vicinus,

192 869 286 901 Mons
311 868 443 901 Casinus
468 864 597 906 gloriae,

239 924 329 948 mons
354 917 404 946 est
427 917 460 945 et
484 912 621 944 divinus.

137 975 169 1006 5.
195 972 270 1005 Sina
294 972 328 1004 in
355 970 487 1010 Arabia,

242 1019 298 1052 ubi
319 1019 476 1059 jeJunavit

194 1068 324 1109 Moyses
350 1066 533 1105 decalogum

241 1118 334 1154 atque
359 1112 551 1154 impetravit,

199 1162 299 1194 Verus
324 1161 372 1193 sol
396 1161 430 1192 in
454 1159 568 1191 faciem

247 1209 314 1248 ejus
339 1208 486 1248 radiavit,

810 186 841 218 6.
867 181 903 215 In
931 180 1046 215 Casino
1070 176 1188 218 legifer

914 230 997 261 alter
1021 225 1189 264 habitavit,

867 277 988 310 Mirum
1013 272 1226 307 abstinentiae

915 323 1001 357 fama
1025 330 1118 363 quem
1143 318 1276 359 notavit,

870 372 967 412 Cujus
992 379 1044 403 res
1070 379 1090 402 a
1113 368 1241 400 nomine

919 427 1081 459 nunquam
1106 414 1294 456 obliquavit,

868 467 1079 501 Benedictum
1102 463 1211 504 patria

916 515 1025 555 lingua
1049 511 1235 545 nominavit.

812 574 843 606 ’7.
867 571 977 613 Moysi
996 574 1073 603 tunc
1096 568 1209 602 similis

916 619 979 652 fuit
1001 619 1037 651 in
1056 617 1238 658 splendore,

869 669 988 708 Regem
1013 674 1123 706 regum
1148 664 1286 696 omnium

923 714 1034 748 videns
1059 714 1093 745 in
1120 713 1244 752 decore,

870 763 943 796 Hoc
967 771 1093 794 emenso
1119 760 1224 792 stadio

919 810 1013 843 simul
1039 813 1072 841 et
1095 808 1208 841 labore

873 858 950 892 Cum
975 857 1086 889 solutis
1112 855 1230 896 gaudia

920 906 1057 946 sumpsit
1080 912 1139 945 pro
1165 903 1285 936 dolore.

841 989 849 997 .
874 963 970 996 Mons
996 962 1129 996 Casinus
1152 960 1271 1000 jubilet

921 1013 1010 1043 tanto
1035 1009 1093 1041 sub
1118 1012 1266 1048 patrono,

873 1059 1029 1091 Duodeno
1054 1056 1172 1089 meruit

922 1105 975 1146 qui
1000 1105 1113 1137 sedere
1137 1104 1264 1144 throno,

875 1154 971 1194 Cujus
998 1152 1188 1185 diadematis

922 1201 1035 1233 rutilat
1057 1200 1089 1231 in
1117 1208 1195 1231 cono

875 1249 972 1288 Lapis
998 1247 1291 1288 praestantissimus

923 1295 1010 1328 nullo
1037 1303 1147 1327 carens
1172 1294 1266 1327 bono.

536 1359 566 1391 9.
593 1356 710 1397 Legem
735 1354 812 1388 Sina
838 1353 940 1386 edidit

639 1404 867 1442 Israelitarum,

591 1451 642 1484 De
665 1452 778 1484 Casino
802 1449 924 1491 prodiit

640 1500 693 1532 lex
718 1498 964 1536 coenobitarum,

590 1547 644 1580 Ad
668 1546 846 1587 perfectum
869 1545 1027 1577 neminem

639 1596 743 1635 prima
768 1593 860 1626 duxit
883 1600 1026 1634 quarum,

592 1644 700 1675 Aurea
722 1640 881 1682 posterior

640 1699 740 1731 regna
764 1689 821 1722 dat
843 1697 961 1722 earum.

218 1759 290 1787 Cod.
310 1759 445 1787 Gasinen.
465 1755 520 1785 295
539 1754 616 1793 (448)
635 1764 709 1784 saec.
733 1754 777 1784 10.
791 1754 857 1783 add.
880 1762 956 1782 saec.
979 1751 1054 1782 12113.
1076 1768 1114 1773 —-
1133 1751 1161 1788 3,
1182 1751 1200 1781 6
1221 1753 1304 1781 coelo
1326 1753 1399 1782 fehlt

196 1256 241 1289 Et
264 1265 337 1288 mox
361 1255 427 1294 ejus
452 1254 573 1295 species

245 1306 279 1336 ut
306 1303 354 1335 sol
378 1302 531 1335 rutilavit.

572 1869 639 1901 234.
680 1869 787 1901 Oratio
809 1865 1014 1900 Poenitentis.

170 1945 201 1975 1.
227 1941 313 1973 Deus
337 1950 466 1982 magnus
492 1943 523 1971 et
546 1941 727 1979 immensus,

228 1989 324 2028 Quem
348 1988 465 2021 nullius
491 1989 577 2028 capit
601 1997 720 2030 sensus,

227 2036 313 2068 Deus
335 2036 435 2076 judex
456 2036 624 2076 aequitatis

230 2083 304 2115 Cum
329 2086 486 2124 unguento
510 2084 648 2125 pietatis,

175 2134 205 2165 5.
231 2131 371 2163 Verbum
395 2131 482 2170 qu'us
507 2130 568 2162 fuit
593 2131 670 2163 oris:

231 2178 312 2210 Nolo
336 2182 470 2210 mortem
492 2178 680 2218 peccatoris,

234 2225 296 2257 Sed
320 2229 356 2258 ut
378 2228 452 2258 ante
476 2229 688 2260 eonvertatur,

233 2273 331 2312 Quam
350 2273 382 2305 in
409 2274 503 2314 culpa
526 2277 694 2317 pereatur3

234 2321 288 2353 Ad
310 2323 353 2362 te,
377 2322 431 2361 pie
456 2322 646 2361 consolator,

154 2369 208 2402 10.
233 2367 339 2400 Clamo
363 2377 435 2401 reus
461 2372 492 2400 et
515 2372 674 2410 peccator,

905 1939 951 1972 Ut
976 1941 1103 1971 avertas
1124 1938 1206 1971 iram
1231 1942 1320 1971 tuam

906 1986 959 2019 Ne
982 1988 1047 2018 tam
1074 1987 1136 2019 cito
1163 1986 1273 2026 culpas
1297 1987 1393 2027 luam,

908 2034 974 2067 Sed
999 2043 1070 2067 cum
1095 2035 1208 2075 diguus
1233 2036 1295 2067 sim
1317 2035 1436 2076 puniri,

908 2082 939 2115 A
961 2088 993 2114 te
1017 2083 1136 2123 possim
1163 2083 1319 2124 exaudiri,

875 2155 882 2162 .
907 2129 954 2163 Et
977 2139 1028 2163 me
1054 2130 1109 2162 diu
1132 2130 1356 2173 infirmantem,

911 2178 1022 2218 Aquae
1038 2181 1160 2211 metum
1184 2182 1435 2220 exspectantem,

912 2225 1118 2259 Provolutmn
1143 2227 1176 2258 in
1201 2227 1327 2267 piscina

911 2273 980 2306 Tua
1005 2283 1096 2307 cures
1120 2275 1290 2316 medicina,

911 2321 956 2354 Et
978 2326 1016 2355 ut
1039 2331 1175 2363 sequens
1198 2326 1231 2355 te
1254 2326 1418 2365 pastorem

830 2370 884 2403 20.
911 2368 981 2402 Nec
1004 2375 1169 2404 revertens
1194 2373 1237 2404 ad
1263 2380 1416 2415 errorem,
