1653 2668
748 160 769 164 ψ
837 137 881 173 30

215 237 270 271 31.
296 238 379 270 Mihi
403 247 476 280 ergo
500 240 601 270 restat
623 235 700 268 flere
892 236 946 268 36.
974 233 1038 265 Sed
1063 231 1110 263 sic·
1130 231 1251 271 jugiter
1277 229 1387 261 dolore

294 285 339 317 Et
362 294 400 316 ex
423 285 542 317 intimis
564 285 673 323 lugere
970 279 1142 312 Moveatur
1165 278 1216 309 vel
1240 284 1358 316 amore,

291 331 390 365 Gravi
413 333 604 373 planctuque
629 330 747 370 dolere,
969 327 1133 359 Dilatetur
1156 325 1208 357 vel
1233 323 1361 356 fervore

289 380 320 411 A
344 381 450 419 rugitu
473 388 536 411 non
561 379 665 411 silere.
969 374 1019 406 Ac
1041 373 1199 413 liquescat
1222 380 1301 411 prae
1327 370 1459 402 dulcore

207 447 261 479 32.
288 446 357 486 Ego
382 446 482 477 merui
506 444 623 483 necari,
887 444 942 475 37.
969 440 1106 474 Intimae
1131 437 1369 479 compassionis,

289 493 362 524 Non
385 492 418 524 in
444 500 536 524 cruce
560 492 612 522 hic
635 491 731 531 litari,
966 487 1139 520 Fecundae
1168 485 1359 525 dilectionis,

289 540 357 571 Nec
380 542 416 571 tu
439 542 551 571 sancta
573 538 754 579 molestari3
968 536 1129 576 Supplicis
1157 532 1344 572 devotionis,

289 587 332 619 Et
358 587 426 626 quis
451 589 560 626 posset
582 586 642 617 hoc
667 584 766 625 effari,
966 584 1072 616 Purae
1097 580 1384 622 contemplationis,

207 655 260 687 33.
289 653 352 685 Cur
375 652 428 684 hic
452 653 530 685 ordo
556 653 599 684 sit
621 655 771 692 mutatuS,
886 653 941 685 38.
967 651 1014 684 Ut
1040 651 1193 682 virtutum
1216 648 1351 687 actione,

287 700 358 732 Nisi
380 702 503 732 tantum
527 700 587 732 sim
615 702 747 740 amatus,
967 698 1063 730 Fidei
1088 696 1297 736 confessione,

287 746 377 786 Quod
401 757 421 780 a
443 750 546 780 morte
569 748 724 780 liberatus
969 746 1151 779 Gratiarum
1177 745 1302 777 actione

287 794 414 827 Summa
438 796 506 827 vita
529 795 590 827 sim
614 795 736 827 beatus.
966 794 1020 828 Sic
1043 794 1214 834 persistam
1237 793 1272 824 in
1297 801 1397 832 agone

203 863 259 896 34.
285 861 375 893 Nihil
401 871 475 903 ergo
497 864 564 903 Jam
591 863 761 902 dulcescat,
886 864 940 896 39.
966 862 1012 895 Et
1038 861 1073 893 in
1098 869 1195 901 regno
1221 868 1431 900 supernorum

283 909 348 942 Sed
372 918 459 942 mens
485 919 556 942 mea
580 913 767 950 amarescat,
968 909 1105 942 Consors
1131 908 1234 940 faetus
1256 907 1422 940 beatorum

285 958 316 989 A
339 957 450 990 dolore
473 967 537 990 non
562 959 713 999 quiescat,
966 958 1005 991 In
1031 957 1164 997 collegio
1190 958 1373 988 sanctorum

283 1004 394 1037 Donec
418 1006 485 1038 vita
510 1009 688 1041 evanescat.
969 1005 1140 1046 Christum,
1166 1012 1274 1045 regem
1302 1003 1483 1043 angelorum

202 1072 257 1105 35.
285 1072 417 1112 Semper
441 1073 528 1105 visus
553 1074 747 1114 lacrimetur,
884 1073 940 1106 40.
967 1071 1169 1113 Crucifixum,
1195 1070 1368 1110 hymnodia

284 1119 454 1160 Nunquam
479 1121 601 1153 animus
629 1121 777 1161 laetetur,
966 1121 1100 1159 Semper
1125 1127 1235 1151 canam
1260 1118 1356 1150 laude
1380 1116 1436 1157 pia

285 1167 357 1198 Nisi
381 1176 440 1207 per
464 1177 520 1201 vos
547 1169 736 1209 consoletur,
965 1169 1075 1208 Teque
1096 1167 1234 1208 laudem,
1259 1166 1349 1206 virgo
1375 1164 1438 1205 dia,

283 1214 328 1247 Ut
352 1216 386 1247 in
411 1216 501 1248 vobis
527 1216 712 1249 oblectetur.
964 1215 1048 1247 Mihi
1077 1213 1196 1255 confer,
1223 1223 1241 1246 o
1265 1213 1381 1247 Maria.

276 1290 356 1317 Orat.
383 1300 435 1319 ms.
457 1292 611 1320 Scotorum
629 1292 834 1320 Vindobonen.
860 1290 937 1329 50g
956 1290 973 1319 9
995 1299 1070 1318 saec.
1092 1288 1135 1318 15.
1156 1290 1183 1317 A
1202 1305 1239 1310 —-
1261 1289 1334 1317 Olm.
1354 1289 1510 1317 Monacen-

198 1328 246 1361 (Ol
267 1329 416 1364 Tegurin)
445 1329 478 1358 19
487 1328 544 1358 354
566 1331 599 1357 B.
622 1345 657 1349 —
675 1330 755 1358 Orat.
776 1301 1030 1366 ms.'1·eg1g1rinum
1050 1330 1121 1356 anni
1143 1325 1330 1356 1500—1508
1351 1327 1423 1355 Glm.
1443 1327 1510 1354 Mo-

198 1375 299 1394 nacen.
320 1364 430 1396 20015.
452 1369 483 1396 O.
506 1383 540 1387 —
561 1367 588 1401 2,
608 1367 626 1395 2
647 1370 691 1396 sic
708 1368 782 1396 fehlt
802 1368 832 1396 C.
852 1384 889 1388 —
893 1353 936 1402 2,
952 1365 1167 1402 3Tamquam'
1158 1375 1256 1402 ipsum
1270 1367 1311 1393 sis
1326 1367 1414 1393 enixa
1428 1365 1458 1393 C.
1474 1378 1511 1383 —

199 1403 225 1439 2,
246 1403 266 1432 4
286 1404 390 1433 Secum
410 1408 489 1434 cruci
510 1415 540 1434 es
561 1406 682 1434 confixa.
703 1422 739 1426 —
760 1405 788 1442 4,
813 1405 831 1435 3
851 1408 964 1435 lsorsan
984 1414 1054 1433 casa
1072 1406 1110 1440 133
1135 1405 1210 1432 latet
1227 1405 1283 1432 tili
1304 1404 1336 1432 C.
1356 1418 1395 1422 -
1415 1403 1472 1431 Str.
1493 1400 1512 1430 8

198 1452 226 1471 u.
248 1442 265 1471 9
285 1443 384 1471 fehlen
404 1445 436 1472 C.
463 1461 501 1465 —
524 1443 573 1479 10,
594 1444 614 1473 4
633 1446 689 1473 hoe
707 1445 782 1472 fehlt
800 1446 833 1473 B.
855 1460 888 1464 —
914 1443 957 1478 16,
978 1442 996 1472 3
1015 1444 1127 1471 Vetans
1149 1443 1181 1471 B.
1203 1457 1238 1461 ——
1261 1441 1305 1476 17,
1326 1439 1344 1470 3
1364 1442 1511 1477 Expiatus

200 1481 233 1509 C.
253 1496 290 1500 —
311 1480 356 1517 21,
377 1479 504 1512 3Fuste
523 1492 627 1511 manus
649 1483 679 1511 C.
699 1498 739 1502 --
757 1481 841 1517 23,1
861 1484 916 1519 Ey.
938 1483 995 1511 BC.
1016 1496 1053 1500 ——
1073 1479 1120 1516 28,
1141 1479 1158 1509 3
1177 1483 1296 1517 torpent
1313 1488 1408 1508 venae
1422 1480 1454 1507 G.
1474 1493 1513 1498 -—

200 1517 246 1553 32,
267 1518 285 1547 2
309 1521 377 1548 Non
396 1521 429 1549 in
449 1529 534 1550 cruce
554 1522 684 1550 habitari
703 1523 744 1556 B·
764 1523 833 1550 Non
851 1523 962 1549 incerte
974 1521 1030 1548 hoc
1043 1520 1166 1548 litariC.
1186 1535 1225 1539 —
1245 1517 1290 1554 33.
1312 1517 1330 1546 2
1345 1520 1401 1546 sim
1415 1520 1511 1546 muta-

200 1560 247 1587 tus
275 1557 305 1585 C·
326 1573 364 1577 —
384 1556 429 1595 36,
449 1559 469 1588 4
488 1569 559 1597 prae
584 1560 685 1588 dolore
706 1559 736 1588 C.
757 1576 795 1581 —
814 1561 859 1588 Im
879 1559 1019 1587 Verlaufe
1038 1559 1089 1586 des
1111 1558 1217 1586 Liedes
1246 1558 1299 1585 hat
1323 1558 1350 1585 A
1376 1556 1513 1594 foigende

199 1581 434 1626 Ubersehriften:
457 1599 519 1626 Vor
539 1599 595 1627 Str.
619 1597 650 1626 1:
672 1599 843 1635 Compassio
864 1599 989 1634 virginis
1009 1597 1137 1630 Maiiae3
1158 1605 1213 1624 vor
1235 1596 1292 1624 Str.
1309 1594 1359 1624 10:
1379 1596 1513 1631 Respon-

200 1635 243 1662 sio
263 1636 388 1671 virginis
407 1638 536 1673 Mariae3
556 1646 609 1665 vor
629 1637 686 1667 Sti.
710 1635 759 1666 19:
779 1637 879 1665 Verba
897 1637 1023 1673 virginis
1044 1635 1082 1663 ad
1100 1635 1207 1671 filium,
1227 1643 1282 1663 vor
1301 1634 1358 1662 Str.
1378 1632 1429 1661 27:
1457 1634 1513 1662 Re-

198 1673 327 1711 sponsio.

688 1788 733 1820 57.
772 1788 920 1819 Planctus
940 1787 1028 1818 BMV.

201 1879 233 1911 1.
260 1877 284 1909 Ο
313 1876 414 1909 dulcis
442 1877 530 1917 virgo
555 1877 670 1918 Maria,
886 1879 916 1911 3.
945 1877 969 1910 Ο
997 1875 1143 1908 columba
1166 1876 1236 1908 sine
1260 1874 1347 1916 felle,

259 1926 308 1957 Tu
332 1924 482 1964 plorabas
508 1934 586 1957 voce
610 1926 665 1965 pia
945 1925 969 1957 O
995 1933 1051 1956 vas
1078 1924 1171 1956 dulce
1196 1924 1326 1964 plenum
1349 1924 1457 1964 melle,

307 1973 393 2004 Ante
419 1981 544 2005 crucem
570 1972 647 2012 filii;
992 1972 1016 2005 O
1042 1971 1090 2003 fili
1115 1972 1268 2012 piissime,

259 2019 478 2059 Rumpebatur
501 2030 556 2052 cor
578 2020 713 2061 Mariae,
942 2020 992 2052 Tu
1017 2029 1068 2051 me
1091 2020 1183 2052 vides
1211 2020 1397 2060 desolatam,

259 2068 477 2100 Exclamantis
502 2077 580 2100 voce
604 2068 674 2108 pie:
942 2067 1143 2108 Semivivam,
1170 2068 1333 2100 anxiatam

308 2115 333 2147 Ο
354 2113 402 2146 fili
427 2116 617 2148 dulcissime.
989 2115 1035 2147 Et
1058 2115 1138 2147 mihi
1162 2125 1225 2148 non
1249 2116 1389 2156 loqueris
1400 2117 1416 2148 ¹.-·

203 2184 234 2216 2.
262 2181 362 2213 Video
388 2184 421 2214 te
444 2183 640 2223 morientem,
885 2185 917 2216 4.
945 2183 969 2216 Ο
996 2183 1074 2223 quid
1098 2193 1190 2223 agam
1215 2182 1262 2215 fili
1286 2184 1350 2225 pie,

259 2229 328 2269 Ego
354 2230 454 2268 perdo
482 2240 536 2262 cor
561 2234 593 2262 et
616 2234 763 2270 mentem,
941 2231 1009 2263 Mei
1034 2231 1213 2271 languentis
1236 2232 1373 2273 Mariae,

308 2277 426 2308 Tecum
448 2279 529 2310 mori
555 2279 657 2319 cupio,
988 2279 1105 2311 Matris
1129 2280 1301 2322 unigenite,

261 2325 311 2356 Tu
337 2328 503 2363 peecatum
526 2336 589 2358 non
614 2325 729 2364 fecisti,
940 2326 1023 2367 Heu,
1050 2327 1186 2368 Christe,
1214 2337 1304 2359 amor
1327 2329 1400 2368 mei,

262 2371 393 2410 Quando
420 2382 544 2405 crucem
568 2375 752 2415 ascendisti,
941 2375 989 2407 Te
1014 2375 1207 2408 damnarunt
1229 2375 1393 2415 pharisaei

310 2418 373 2450 Cur
397 2422 428 2451 te
453 2421 532 2453 mori
558 2421 675 2456 video?
992 2422 1174 2456 Creatorem
1200 2423 1331 2455 saeculi.
