1653 2668
705 142 942 178 -37-

232 240 303 274 -Me
326 240 518 282 illuminare,
913 240 1069 282 Deposito
1093 241 1216 273 scelere

248 289 403 328 Domine,-
424 289 557 330 dignare
961 289 1019 322 Me
1041 298 1121 322 orna
1144 287 1328 329 virtutibus,

295 337 364 370 Tuo
389 337 518 378 lumine,
915 337 960 371 Ut
982 338 1104 379 possim
1130 336 1298 371 convivere

247 385 296 420 Ut
317 388 425 417 tecum
448 393 584 426 regnare
961 386 1096 427 Angelis
1121 385 1325 419 coelestibus,

247 435 366 474 Queam
385 436 424 487 ,et
449 433 584 466 laudare
832 444 890 478 19,
914 444 1011 476 Alma
1037 440 1155 476 christi
1179 443 1298 484 passio,

295 481 342 513 Τθ
366 490 436 514 ΒΠΙΘ
459 479 534 515 fine·
911 491 990 524 Mea
1013 491 1187 524 consolatio

167 539 222 573 18.
249 538 345 572 Salve
372 538 529 579 depositio
961 539 1012 572 Sis
1036 539 1148 572 mortis
1172 539 1208 572 in
1233 539 1321 579 hora,

296 587 416 620 Christi
439 587 505 628 jam
531 585 676 619 defuncti
911 587 959 619 Ut
982 587 1082 619 hostis
1106 587 1285 628 temptatio,

248 634 301 668 De
326 635 429 668 crucis
455 635 600 676 patibulo
913 636 1012 668 Falsa
1037 634 1237 668 comminatio

293 684 339 716 Et
362 684 495 723 myrrha
518 683 683 724 peruncti;
962 683 1071 716 Cesset
1094 683 1164 715 sine
1185 691 1284 716 mora.

241 749 321 777 Orat.
347 757 399 778 ms.
426 749 580 779 Scotorum
606 748 812 778 Vindobonen.
834 747 871 777 52
897 748 917 776 d.
937 746 981 777 11.
1012 757 1089 779 saec.
1112 746 1157 776 15.
1176 763 1216 769 —«
1236 747 1261 784 1,
1282 747 1300 777 3
1321 748 1425 777 stellis.
1446 763 1483 768 —-

163 784 190 821 3,
212 785 230 813 2
251 787 356 823 culpae
377 796 459 816 onus.
479 802 518 807 —
543 786 586 821 13,
607 785 625 814 5
647 789 730 822 Quae
749 789 821 815 tota.
834 802 874 823 —‚
888 785 932 821 15,
948 786 965 815 6
977 788 1068 816 Fiant
1079 787 1174 815 nobis.
1191 802 1228 807 ——
1249 786 1293 824 16,
1311 785 1430 816 lrubei.
1444 802 1480 807 —

164 823 209 859 18,
228 824 251 854 4
269 827 363 854 mirra
378 826 491 861 puncti.

532 937 574 969 18.
615 937 658 969 De
679 937 826 978 passione
845 936 967 970 Domini
989 937 1106 971 Oratio.

187 1009 219 1042 1.
246 1009 351 1052 Salve,
377 1009 467 1049 Jesu,
493 1009 580 1041 salus
601 1017 682 1050 mea,
852 1011 885 1042 6.
910 1008 1005 1041 Nunc
1021 1011 1054 1040 te
1071 1018 1166 1041 cerno
1185 1008 1348 1042 Christum
1359 1010 1480 1049 Jesum,

248 1056 426 1090 Crucifixus
452 1066 471 1088 a
495 1057 621 1089 Judaea
910 1056 1481 1098 Passum,tractum,sputum,caesum

295 1104 405 1137 Crucis
430 1104 464 1136 in
488 1104 644 1145 patibulo,
956 1105 1065 1144 Atque
1088 1104 1192 1147 plagis
1218 1105 1363 1146 lividum,

246 1152 307 1192 Qui
331 1152 433 1185 livore
459 1151 549 1184 dirae
574 1152 676 1193 gentis
910 1151 961 1183 Ne
984 1152 1118 1193 punirer
1141 1152 1277 1184 fiammis
1302 1153 1392 1192 atris,

246 1201 310 1233 Pro
332 1209 383 1232 me
409 1201 501 1232 datus
527 1208 560 1231 es
585 1200 752 1231 tormentis
909 1199 1088 1240 Exspirans
1112 1200 1146 1231 in
1170 1209 1283 1232 manus
1308 1201 1411 1242 patris

295 1247 492 1281 Judaeorum
518 1247 649 1280 calculo.
957 1249 1021 1281 Pro
1045 1257 1096 1280 me
1119 1249 1222 1281 tradis
1247 1248 1406 1288 spiritum.

186 1306 218 1340 2.
243 1306 289 1338 Et
313 1306 375 1338 hoc
399 1308 501 1338 totum
524 1305 562 1338 fit
585 1314 645 1346 pro
669 1314 774 1346 pomo,
852 1307 881 1339 7.
908 1305 960 1336 De
988 1308 1021 1338 te
1046 1306 1163 1338 clamat
1187 1306 1361 1339 Jeremias:

246 1354 336 1393 Quod
345 1354 562 1394 praesumpsit
570 1353 792 1394 primushomo
910 1353 935 1386 O
962 1362 1017 1386 vos
1043 1362 1161 1394 omnes,
1188 1354 1242 1395 qui
1265 1363 1326 1394 per
1350 1355 1420 1387 vias

290 1401 392 1433 Manu
416 1402 607 1442 temeraria3
957 1402 1126 1441 Transitis,
1153 1402 1321 1442 attendite,

245 1449 297 1482 Ne
321 1448 445 1489 periret
470 1452 625 1492 creatura,
913 1448 948 1480 Si
972 1451 1021 1481 est
1047 1449 1138 1481 dolor
1162 1449 1237 1481 huic
1262 1450 1375 1491 dolori,

246 1497 304 1539 Tu,
334 1499 469 1541 creator,
495 1497 572 1529 inde
598 1497 678 1529 dura
909 1496 976 1535 Quo
1003 1497 1176 1537 compellor
1199 1498 1246 1529 ita
1270 1498 1361 1538 mori,

291 1545 419 1577 Pateris
443 1545 612 1586 supplicia.
957 1544 1088 1586 Similis,
1115 1545 1285 1586 adspicite.

186 1604 220 1637 3.
245 1604 310 1636 Pro
334 1611 386 1635 me
410 1604 497 1635 totus
524 1600 719 1643 perforatus,
851 1603 883 1635 8.
912 1601 1054 1635 Circuire
1078 1611 1207 1643 possum
1232 1603 1350 1644 polum,

243 1651 308 1684 Pro
333 1660 386 1682 me
410 1652 495 1683 totus
519 1653 680 1683 saturatus
908 1649 1003 1683 Mare
1026 1660 1174 1692 magnum
1195 1653 1295 1691 atque
1319 1651 1431 1692 solum,

292 1698 408 1731 Poenis
434 1701 466 1730 et
490 1698 690 1740 opprobriis3
957 1699 1004 1731 Te
1028 1707 1131 1739 neque
1154 1699 1290 1740 reperio,

243 1748 283 1780 In
306 1749 341 1779 te
364 1748 470 1780 latens
493 1747 577 1779 iliud
602 1756 714 1779 aurum
909 1745 983 1779 Nisi
1006 1747 1077 1779 sola
1102 1748 1204 1779 crucis
1229 1757 1297 1788 ara,

241 1794 326 1828 Mihi
351 1794 460 1827 fundis
485 1794 519 1828 in
544 1795 730 1827 thesaurum
909 1794 947 1826 In
973 1804 1036 1836 qua
1059 1794 1128 1836 pati
1152 1798 1200 1829 tot
1225 1805 1335 1829 amara

291 1842 444 1876 Manibus
469 1845 503 1875 et
526 1843 675 1884 pedihus.
954 1843 1049 1876 Fecit
1071 1846 1105 1875 te
1129 1844 1316 1884 compassio.

184 1903 217 1935 4.
244 1902 364 1933 Vertex
389 1901 483 1941 spina
508 1901 678 1942 cruciatus,
851 1903 882 1934 9.
908 1900 960 1933 Ibi
983 1901 1100 1942 pascis,
1128 1910 1203 1934 care
1226 1911 1325 1944 meus,

248 1949 347 1983 Clavo
372 1958 494 1990 manus,
519 1950 631 1990 pedes,
656 1950 741 1982 latus
910 1948 962 1981 Ibi
985 1949 1116 1991 dormis,
1141 1950 1226 1983 aime
1248 1949 1348 1992 Deus,

294 1996 443 2039 Cuspidis
466 1998 595 2041 acule03
958 1997 1084 2031 Cubans
1108 1998 1144 2031 in
1167 1999 1313 2040 meridie,

243 2046 365 2079 Vulnus
388 2046 477 2079 istud
501 2055 608 2079 omnes
634 2048 737 2087 sanat,
909 2045 1144 2087 Exprobratus,
1170 2047 1393 2087 subsannatus,

244 2094 341 2129 Unde
364 2093 458 2127 nobis
482 2095 570 2127 unda
592 2098 701 2129 manat
908 2094 1008 2127 Totus
1032 2094 1183 2127 membris
1210 2098 1392 2128 cruentatus

289 2142 431 2183 Liquore
454 2143 638 2184 sanguineo.
954 2143 984 2175 A
1010 2141 1085 2176 filiis
1110 2143 1276 2185 perfidiae.

183 2202 216 2236 5.
242 2201 267 2234 Ο
294 2210 389 2241 quam
413 2198 493 2233 felix
518 2202 680 2242 apertura,
827 2201 884 2234 10.
908 2200 960 2234 Ibi
983 2210 1043 2242 pro
1066 2210 1118 2233 me
1138 2199 1311 2243 flagellaris

241 2249 330 2289 Quae
351 2258 411 2290 per
427 2258 540 2281 aevum
556 2258 766 2290 permansura
906 2249 959 2283 Ibi
983 2258 1041 2290 pro
1070 2259 1121 2282 me
1144 2249 1323 2285 lacrimaris

290 2297 393 2330 Nobis
418 2306 518 2339 regna
541 2297 655 2339 aperit,
956 2297 1021 2331 Sed
1047 2296 1135 2334 felici
1159 2299 1309 2342 lacrima3

240 2345 405 2380 Pretiosus
431 2346 494 2379 iste
518 2346 656 2388 sanguis,
905 2345 1021 2380 Funde
1045 2345 1165 2380 fontem
1190 2348 1405 2389 lacrimarum,

239 2396 304 2429 Per
329 2404 423 2436 quem
441 2396 544 2428 victus
563 2394 625 2428 fuit
641 2395 763 2437 anguis,
907 2394 984 2436 Fac,
1011 2401 1048 2429 ut
1070 2405 1130 2437 per
1154 2399 1186 2429 te
1212 2397 1254 2430 sit
1278 2407 1422 2431 amarum

287 2442 331 2477 Se
353 2442 520 2479 confusum
544 2444 677 2486 reperit.
958 2444 1021 2479 Gor
1046 2449 1078 2477 et
1102 2444 1204 2479 tristis
1229 2446 1346 2480 anima.
