1653 2668
540 242 571 274 9.
597 240 742 281 Praesta,
772 240 909 285 Christe,
936 240 991 281 qui
1014 241 1048 273 in
1073 247 1167 272 cruce

597 289 706 321 Morte
728 298 786 322 nos
811 289 936 322 salvisti
959 291 1060 332 truce,

598 337 645 370 Ut
667 337 812 370 vivamus
834 337 890 369 hic
912 340 946 370 te
969 336 1051 369 duce

597 385 644 417 Et
664 383 809 418 fruamur
834 386 913 418 coeli
933 386 1014 418 luce.

267 450 351 479 Miss.
372 459 426 478 ms.
447 459 523 479 saec.
547 448 590 479 15.
622 450 691 479 Cod.
713 450 882 479 olomucen.
906 452 922 480 Ι
938 451 954 480 1
975 449 1005 488 6;
1026 453 1112 479 unter
1129 449 1259 480 Gebeten
1278 458 1333 477 vor
1351 449 1403 478 der
1414 450 1511 477 Messe

191 497 230 516 zu
247 489 424 517 verrichten.

620 591 667 624 39.
706 592 751 625 De
773 592 934 633 Sanguine
955 592 1081 625 christi.

195 683 226 717 1.
252 683 334 726 Ave,
361 691 453 714 sacer
479 681 600 715 Christi
624 683 761 723 sanguiS,
885 686 915 718 5.
941 684 1022 724 Ave,
1049 683 1188 724 sanguis,
1215 683 1268 725 qui
1293 691 1352 723 per
1376 691 1474 716 venas

255 731 376 764 Contra
400 730 487 763 virus
515 730 578 762 diri
603 731 713 772 anguis
942 730 1058 771 Sponsi
1084 732 1198 765 ductus
1224 739 1361 772 sponsae
1385 739 1482 772 genas

300 779 407 812 Fusus
430 778 465 810 in
489 778 686 818 antidotum3
990 780 1116 812 Ornans
1141 778 1220 811 facis
1244 788 1364 820 roseas,

252 826 317 858 Hic
341 834 393 858 me
417 835 496 859 sana
516 828 549 857 te
573 826 745 866 bibentem,
942 827 1074 867 Quando
1099 827 1219 869 pavida
1242 827 1367 868 pudore

253 874 330 906 Post
356 882 473 906 excusa
498 872 668 906 facientem
943 875 1077 917 Gaudet,
1103 876 1216 907 rutilat
1240 884 1357 915 amore,

299 922 350 954 De
374 922 492 954 talento
518 925 711 962 computum.
988 923 1091 955 Voces
1118 923 1185 955 edit
1209 923 1351 956 melleas.

194 982 224 1013 2.
250 979 331 1022 Ave,
358 979 487 1019 sanguis
512 987 590 1011 vere
610 981 716 1020 potus,
883 982 914 1013 6.
940 980 1022 1021 Ave,
1048 980 1176 1020 sanguis
1201 988 1283 1012 uvae
1307 988 1431 1019 passae,

253 1027 350 1066 Cujus
375 1026 491 1059 haustu
516 1035 593 1066 grex
620 1028 752 1059 devotus
940 1028 1039 1067 Quam
1064 1030 1212 1068 potantes
1237 1031 1359 1060 mentes
1383 1028 1488 1060 lassae

299 1074 474 1107 Debriatus
497 1074 625 1115 sobrie3
990 1075 1218 1108 Confertantur
1242 1075 1433 1116 plurimum3

251 1124 289 1155 In
315 1122 460 1155 adversis
483 1121 659 1164 hilarescit,
941 1123 1025 1162 Quid
1042 1124 1104 1156 hoc
1116 1123 1242 1164 mirum,
1263 1132 1333 1155 cum
1346 1124 1390 1155 sis
1403 1123 1511 1155 vinum

249 1172 337 1204 Ictus
363 1169 499 1202 referire
522 1171 627 1202 nescit
941 1170 1117 1211 Cyprinum
1142 1174 1175 1202 et
1197 1171 1435 1211 Engaddinum‚

298 1219 470 1251 lmmemor
493 1218 639 1257 injuriae.
984 1219 1130 1253 Mustum
1152 1219 1411 1252 meracissimum.

192 1278 223 1310 3.
250 1277 331 1315 Ave,
358 1276 498 1316 sanguis,
526 1273 598 1308 fons
625 1275 775 1317 dulcoris,
883 1278 913 1310 7.
939 1278 1020 1320 Ave,
1049 1278 1133 1309 calix
1156 1276 1316 1317 salutaris,

249 1324 300 1356 De
324 1323 445 1356 fossato
471 1323 641 1356 salvatoris
939 1325 999 1365 Qui
1026 1324 1197 1357 carissimis
1222 1325 1371 1368 servaris,

296 1372 400 1404 Horto
424 1371 540 1403 mentis
563 1370 712 1411 influens,
991 1372 1034 1405 Ut
1056 1375 1206 1413 potantes
1232 1371 1314 1404 ebrii

250 1419 347 1460 Cujus
370 1421 543 1459 penetrans
569 1418 742 1462 profunda,
940 1420 1038 1453 Fiant
1063 1421 1181 1454 Christi
1207 1421 1351 1461 caritate,

248 1467 329 1508 EJ'us
354 1470 470 1508 potans
495 1467 668 1507 sitibunda,
939 1468 1117 1501 Ponderosi
1143 1469 1299 1509 castitate,

294 1516 375 1556 Ejus
400 1513 497 1547 foeda
523 1515 657 1549 diluens
986 1517 1148 1549 Parcitate
1172 1516 1280 1549 sobrii.

191 1576 224 1608 4.
250 1574 332 1614 Ave,
357 1573 464 1613 liquor
489 1572 627 1605 blandae
651 1572 736 1614 vitis,
880 1575 911 1608 8.
935 1575 1017 1617 Ave,
1043 1574 1172 1614 sanguis
1197 1573 1270 1615 agni
1295 1574 1382 1606 mitis

248 1624 383 1654 Aestum
409 1629 575 1653 amorosae
599 1621 669 1653 sitis
938 1623 1004 1663 Quo
1028 1630 1118 1654 mens
1143 1622 1210 1654 lota
1235 1622 1407 1654 Sunamitis

295 1669 445 1702 Dulciter
469 1667 676 1712 refrigerans,
984 1670 1040 1702 Fit
1066 1671 1107 1703 de
1130 1670 1223 1711 nigra
1248 1670 1397 1711 candida,

248 1717 317 1757 Qua
341 1720 493 1759 gravatur
517 1726 607 1749 mens
632 1717 760 1758 pudica,
939 1718 1036 1751 Velut
1058 1718 1200 1751 Hesther
1225 1717 1410 1759 adornatur,

247 1766 363 1806 Sponsi
388 1774 480 1798 soror
506 1767 537 1797 et
562 1765 674 1806 amica,
936 1766 1013 1800 Plus
1040 1775 1133 1807 quam
1156 1766 1280 1799 Rachel
1304 1767 1474 1799 adamatur

292 1814 347 1846 Ad
373 1822 522 1846 coronam
547 1822 736 1854 properans,
985 1815 1096 1855 Culpis
1122 1817 1196 1846 ante
1221 1815 1363 1847 sordida.

263 1880 343 1908 Orat..
357 1888 411 1908 ms,
427 1879 590 1917 Campense
603 1880 675 1908 anni
694 1878 776 1908 1462.
809 1879 879 1908 Cod.
893 1881 1110 1909 Darms‘tadien.
1127 1877 1192 1908 521.
1213 1895 1251 1900 -—
1271 1877 1298 1915 8,
1320 1879 1338 1908 2
1351 1881 1414 1909 lota
1426 1881 1510 1914 fehlt.

524 2002 575 2034 40.
615 2002 723 2035 Oratio
744 2003 800 2034 sub
821 2002 1009 2035 Elevatione
1030 2001 1170 2035 (licenda.

186 2095 217 2128 1.
243 2093 304 2137 En,
333 2093 469 2137 Christe,
495 2103 577 2136 genu
601 2093 769 2138 flectimus,
877 2096 909 2128 3.
935 2096 1023 2134 Jesu,
1050 2094 1152 2128 Judas
1179 2103 1272 2135 quem
1297 2094 1453 2136 prodidit,

243 2141 296 2174 En
320 2141 380 2174 tibi
404 2144 528 2183 palmas
552 2143 735 2184 pandimus,
935 2143 1061 2176 ‚Iudaea
1083 2151 1160 2184 gens
1186 2152 1279 2184 quem
1303 2143 1458 2187 perdidit,

244 2189 436 2223 Constanter
459 2191 493 2223 in
518 2193 551 2223 te
576 2192 745 2233 credimuS‚
936 2192 1035 2231 Quem
1061 2193 1165 2232 sputa,
1194 2191 1287 2231 clavi,
1313 2191 1426 2225 lancea

246 2236 350 2280 Quem
375 2238 534 2272 dubitavit
558 2239 718 2273 DidimuS.
934 2239 1103 2281 Risusque,
1129 2249 1207 2272 vasa
1230 2239 1337 2280 fellea,

184 2300 215 2331 2.
242 2296 334 2330 Clavi
357 2298 463 2330 locum
487 2306 551 2331 non
578 2298 726 2339 vidimus,
874 2296 907 2332 4.
936 2298 1035 2338 Quem
1061 2298 1155 2339 spina
1179 2306 1333 2341 pungens,
1361 2299 1484 2344 alapae,

241 2345 342 2380 Latus
367 2348 456 2380 tuum
481 2356 544 2379 non
570 2348 736 2387 sensimus,
934 2346 1025 2379 Vach
1052 2346 1252 2380 clamitantes
1277 2348 1427 2388 satrapae

241 2394 281 2427 In
306 2396 339 2427 te
364 2396 471 2427 tamen
499 2394 698 2438 confidimus,
933 2394 1121 2428 Affecerunt
1145 2398 1178 2427 et
1201 2394 1347 2439 verbera,

242 2444 333 2484 Quod
358 2443 546 2485 promisisti,
573 2445 720 2484 petimus,
934 2444 1079 2488 Arundo,
1100 2453 1203 2489 mors,
1231 2454 1310 2478 crux
1335 2454 1461 2486 aspera.
