1653 2668
726 122 961 168 —93—

651 226 699 257 70.
737 225 781 257 Dc
802 224 928 258 Gaudiis
948 224 1036 257 BlisV.

218 335 226 342 .
254 309 376 349 Gaude,
403 308 492 347 virgo
517 307 579 338 Dei
603 308 715 346 mater,

305 357 344 389 ab
371 355 482 395 angelo
508 354 654 393 salutata,

256 404 379 447 Gaude,
405 402 544 434 sentiens
567 399 733 441 infantem,

300 452 389 492 virgo
416 449 511 482 verbo
536 448 714 489 gravidata.

222 535 229 542 .
257 508 379 550 Gaude,
401 506 542 546 gaudens
566 505 600 537 in
623 504 782 537 montibus

299 555 446 588 Elisabet
471 552 639 593 visitando,

254 603 375 645 Gaude,
401 601 493 641 virgo
520 601 721 640 salvatorem,

300 650 369 682 sine
391 656 495 690 poena
518 647 684 688 pan'endo.

223 733 230 740 .
258 707 379 747 Gaude,
405 707 550 744 pastores
575 705 700 736 intuens

301 758 410 787 natum
435 755 522 784 tuum
547 752 728 791 adorantes,

255 801 368 834 Gaude
390 809 498 840 magos
519 799 693 840 inspiciens

302 850 387 881 trina
413 847 497 880 dona
522 846 700 880 offerentes.

222 934 229 940 .
257 906 379 948 Gaude,
408 913 479 936 cum
499 907 605 944 justus
631 903 759 936 Simeon

300 952 506 993 prophetavit
531 952 571 984 de
594 950 671 990 filio,

254 1000 375 1041 Gaude,
401 999 527 1039 quando
552 1008 699 1039 regressa
723 1007 756 1030 es

301 1049 341 1080 de
364 1047 506 1088 Aegypti
531 1046 652 1081 exsilio.

879 307 910 338 5.
938 304 1061 345 Gaude,
1088 313 1159 336 cum
1182 304 1267 336 inter
1290 302 1432 337 ‚ludaeos

984 352 1096 393 templi
1122 351 1244 392 reperis
1267 350 1378 392 filium,

937 399 1050 432 Gaude
1074 408 1206 432 cernens
1230 407 1345 439 aquam
1370 396 1444 429 vino

980 449 1153 480 mutantem
1178 446 1220 479 ad
1245 445 1434 479 convivium.

876 506 907 538 6.
935 504 1057 544 Gaude,
1084 513 1155 536 cum
1179 506 1273 536 sanat
1295 501 1464 543 languidos

981 555 1184 592 mortuosque
1207 550 1378 583 resuscitat

933 600 980 632 Et
1002 599 1141 640 quinque
1165 598 1255 631 mille
1278 597 1441 630 hominum

983 646 1131 687 expensis
1157 646 1238 678 escis
1267 645 1387 678 visitat.

878 704 909 737 7.
937 703 1060 746 Gaude,
1086 703 1213 743 quando
1237 702 1328 735 vides
1354 710 1425 733 eum

983 761 1004 784 a
1025 751 1158 783 mortuis
1183 758 1359 790 resurgere,

938 798 1060 839 Gaude,
1088 807 1158 830 cum
1184 797 1294 831 vidisti
1317 799 1427 829 natum

984 847 1027 879 ad
1052 846 1156 879 coelos
1181 845 1364 880 ascendere,

879 906 911 938 8.
939 904 1061 944 Gaude,
1087 903 1215 944 quando
1241 901 1407 942 discipulis

985 953 1129 984 sanctum
1153 949 1331 991 transmisit
1345 948 1502 990 spiritum,

939 998 1061 1042 Gaude,
1087 1007 1195 1030 secum
1217 1000 1305 1030 stans
1330 997 1364 1028 in
1389 996 1486 1029 coelis

985 1046 1105 1078 habens
1129 1054 1264 1078 coronae
1287 1044 1446 1076 meritum.

593 1105 624 1137 9.
652 1102 759 1144 Virgo,
785 1103 895 1143 regina
919 1103 1087 1143 coelorum,

696 1152 786 1182 tanta
811 1150 979 1190 possidens
1002 1150 1129 1191 gaudia,

647 1197 716 1229 Fac
739 1200 865 1230 tuorum
890 1198 1076 1238 gaudiorum

698 1254 755 1277 nos
781 1248 941 1280 consortes
966 1245 1000 1277 in
1024 1245 1136 1285 gloria.

269 1311 354 1338 BreV.
374 1319 428 1338 ms.
448 1310 648 1338 Fiscamiense
668 1319 744 1338 saec.
766 1308 810 1338 14.
844 1310 913 1338 Cod.
932 1311 1122 1346 Rotomagen.
1142 1307 1208 1338 206.

658 1438 698 1470 71.
736 1438 781 1470 De
801 1438 927 1471 Gaudiis
945 1439 1034 1470 BMV.

223 1545 231 1552 .
259 1519 381 1559 Gaude,
407 1520 507 1559 virgo,
537 1519 578 1550 de
598 1518 724 1559 gaudio,

257 1567 348 1606 Quod
373 1566 513 1599 habebas
537 1566 733 1606 plenissimo,

307 1614 384 1647 Cum
408 1613 511 1654 primo
536 1613 640 1645 Deum
666 1622 814 1646 cerneres

258 1662 303 1693 Et
326 1662 411 1694 hunc
434 1662 523 1694 velut
543 1661 577 1693 in
602 1661 732 1701 speculo

256 1711 440 1750 Auctorem,
466 1709 520 1749 qui
544 1718 564 1740 a
587 1709 712 1740 saeculo

310 1757 420 1798 Elegit
442 1759 485 1797 te,
511 1765 708 1796 agnosceres.

228 1840 235 1847 .
264 1814 387 1855 Gaude,
413 1813 513 1854 virgo,
541 1813 581 1845 de
605 1813 731 1855 gaudio,

262 1862 353 1901 Quod
378 1861 519 1893 habebas
542 1861 737 1901 plenissimo,

309 1909 386 1942 Cum
411 1912 444 1940 te
467 1909 556 1941 Deus
580 1908 757 1949 susciperet

259 1956 483 1997 Amplexando
507 1956 690 1999 tenerrime,

263 2004 437 2037 Salutando
464 2003 647 2036 dulcissime

305 2051 351 2083 Et
373 2053 445 2084 Ave
468 2051 529 2083 tibi
555 2051 684 2085 diceret.

226 2134 233 2140 .
260 2109 381 2149 Gaude,
407 2109 496 2149 virgo
524 2108 564 2140 dc
588 2109 714 2150 gaudio,

261 2157 351 2196 Quod
376 2156 516 2188 habebas
540 2156 573 2188 in
599 2157 717 2196 osculo,

306 2205 396 2244 Quod
421 2203 481 2235 tibi
505 2204 595 2236 dedit
618 2204 757 2244 trinitas,

261 2252 299 2283 In
324 2261 384 2292 quo
409 2260 486 2283 suae
511 2251 689 2284 dulcedinis

262 2298 364 2331 Gustu
388 2302 423 2330 tu
447 2299 495 2330 sic
518 2298 709 2339 infunderis,

309 2348 356 2380 Ut
381 2347 502 2378 coelum
527 2350 647 2379 terram
672 2347 809 2387 repleas.

883 1520 917 1554 4.
944 1519 1066 1559 Gaude,
1092 1519 1182 1559 virgo
1209 1519 1249 1551 de
1273 1519 1399 1560 gaudio,

942 1567 1032 1607 Quod
1057 1566 1198 1600 habebas
1222 1566 1417 1607 plenissimo,

991 1615 1069 1648 Cum
1095 1614 1203 1646 divino
1226 1614 1430 1646 succenderis

944 1662 999 1695 Sic
1022 1671 1132 1694 amore
1152 1661 1349 1702 plenissime,

945 1711 1103 1749 Quantum
1128 1708 1191 1741 fuit
1212 1709 1377 1749 possibile,

992 1757 1039 1790 Ut
1062 1759 1094 1788 et
1117 1759 1245 1789 sanctos
1269 1756 1412 1797 ignieriS.

910 1839 918 1847 .
945 1814 1066 1857 Gaude,
1093 1814 1193 1854 virgo,
1221 1814 1261 1846 de
1286 1813 1412 1855 gaudio,

944 1862 1034 1901 Quod
1060 1861 1201 1893 habebas
1226 1861 1422 1902 plenissimo,

991 1909 1053 1943 Dei
1078 1909 1231 1949 splendor
1257 1918 1327 1941 cum
1359 1912 1509 1949 penetrat

942 1957 989 1989 Te
1011 1957 1186 1990 clarissimo
1210 1957 1338 1997 lumine,

943 2005 1010 2044 Quo
1036 2005 1158 2036 coelum
1181 2004 1270 2037 lucet
1293 2004 1464 2045 splendide

990 2052 1036 2085 Et
1057 2052 1215 2093 justorum
1240 2052 1333 2093 plebs
1355 2051 1482 2092 jubilat.

909 2134 915 2141 .
942 2111 1006 2142 Per
1030 2110 1110 2142 haec
1133 2110 1224 2151 virgo
1247 2110 1403 2152 tripudia,

946 2158 1033 2197 Quae
1057 2161 1134 2190 tunc
1154 2161 1209 2191 tua
1233 2158 1424 2199 praecordia

991 2205 1210 2246 Susceperunt
1234 2215 1304 2238 cum
1325 2205 1439 2248 jubilo,

943 2254 1046 2286 Deum
1072 2259 1167 2295 teque
1193 2254 1234 2286 da
1256 2253 1402 2295 gnaviter

944 2301 1136 2334 Collaudare
1159 2301 1344 2343 perenniter

992 2349 1060 2382 Nos
1085 2350 1120 2382 in
1144 2349 1251 2383 futuro
1276 2349 1414 2382 saeculo.

276 2413 356 2442 Orat.
377 2422 429 2441 ms.
449 2415 628 2451 Tegminum
647 2424 723 2444 saec.
746 2414 789 2444 15.
810 2415 883 2444 clm.
902 2417 1056 2445 Monacen.
1077 2415 1180 2446 20001.
