1653 2668
174 236 229 269 18.

175 534 229 568 19.

173 833 229 866 20.

171 1129 227 1163 21.

171 1429 226 1460 22.

170 1726 227 1759 23.

163 2324 219 2358 25.

256 236 294 268 111
318 236 381 269 hac
404 236 613 271 reconciliata

257 284 365 325 Atque
388 284 436 317 sic
461 284 689 320 confoederata

310 332 496 373 Terrigenis
521 334 683 377 coelestia,

255 381 294 413 In
320 381 381 413 hac
406 391 483 414 vera
504 381 632 421 justitia

254 429 362 469 Atque
386 429 609 462 misericordia

302 476 473 509 Dederunt
495 477 586 518 pacis
611 478 731 512 oscula.

257 535 283 567 O
308 534 426 577 Maria,
453 537 557 568 mater
582 536 645 578 pia,

257 582 308 615 Tu
333 583 480 615 coelestis
506 583 686 616 hierarchia

302 631 482 663 Immensae
506 631 646 676 deitatis,

255 678 504 712 Mundissimum
529 681 564 711 tu
589 679 740 711 scrinium

255 727 301 759 Et
324 726 433 759 nobile
458 726 630 759 triclinium

302 774 415 807 Totius
439 774 606 810 trinitatis.

255 832 305 864 Tu
329 841 406 865 arca
428 831 548 864 munda
572 832 750 872 beatorum,

255 878 378 912 Ferens
402 888 519 919 panem
544 881 728 921 angelorum

300 928 407 961 Verae
430 928 600 968 satietatis,

255 976 294 1007 In
319 983 382 1016 quo
408 976 530 1008 candor
553 979 648 1015 atque
672 983 779 1018 sapor,

257 1023 294 1055 In
320 1031 382 1063 quo
409 1023 506 1055 decor
531 1025 627 1063 atque
652 1023 732 1054 odor

303 1070 413 1104 Omnis
436 1070 658 1111 jucunditatis.

255 1127 358 1161 Nobis
384 1128 505 1160 ventris
530 1128 577 1159 tui
601 1127 723 1170 florem,

253 1176 407 1209 Nostrum
432 1176 520 1216 pium
545 1176 779 1217 redemptorem

299 1223 434 1256 Festina
456 1223 615 1265 mitigare,

255 1272 306 1304 Ne
329 1280 390 1313 pro
416 1271 592 1304 commissis
617 1271 704 1305 vitiis

250 1319 415 1353 Tartareis
440 1319 609 1360 suppliciis

301 1367 369 1400 Nos
394 1367 474 1400 velit
501 1366 735 1401 commendare.

253 1427 335 1468 Ave,
361 1425 459 1468 salve,
487 1434 544 1458 cor
567 1425 692 1466 insigne

250 1474 367 1507 Matris
392 1472 466 1514 piae
491 1482 529 1506 ac
552 1473 717 1516 benignae,

301 1521 429 1555 Mariae
450 1529 578 1561 semper
603 1520 746 1564 virginis,

251 1572 289 1603 In
315 1578 377 1611 quo
401 1570 507 1602 mellis
532 1572 581 1600 est
605 1568 752 1608 dulcedo,

252 1618 362 1650 Laetis
388 1618 509 1650 candor
533 1626 594 1649 nec
618 1617 752 1658 nigredo

302 1666 373 1698 Nec
396 1666 464 1697 ulla
487 1667 566 1698 nota
590 1664 743 1698 criminis.

255 1723 353 1765 Virgo
376 1725 481 1756 mater
509 1724 542 1754 et
565 1722 677 1763 regina

254 1771 352 1814 Coeli,
378 1771 473 1804 nobis
498 1770 552 1803 hic
576 1770 732 1811 proprina

300 1820 362 1852 Tui
387 1819 495 1852 cordis
521 1818 742 1861 dulcedinem,

254 1868 353 1901 Cordi
376 1876 447 1900 meo
472 1866 523 1900 fer
546 1868 714 1908 medelam,

251 1916 371 1950 Contra
394 1915 504 1948 hostes
531 1905 573 1947 da
597 1915 740 1956 tutelam,

297 1964 349 1997 Da
373 1964 488 1996 mentis
514 1963 738 2003 aptitudinem.

251 2022 332 2063 Ave,
361 2030 416 2053 cor
439 2021 688 2062 immaculatum,

249 2070 313 2103 Cor
339 2069 501 2110 dilectum,
529 2078 584 2101 cor
610 2069 748 2112 beatum,

799 138 864 177 111
915 162 963 169 --

864 394 907 426 26

864 691 920 723 27.

863 987 918 1020 28.

862 1285 917 1317 29.

861 1581 915 1612 ὀΟ,

858 1877 913 1910 31.

274 2119 338 2152 Gor
371 2117 502 2158 plenum
526 2117 628 2150 omnis
655 2117 796 2160 gretiam

251 2167 358 2208 Salve,
384 2175 463 2199 vera
487 2165 573 2198 salus
597 2165 719 2208 mundi,

248 2215 381 2249 Tollens
406 2223 533 2247 carmen
558 2214 725 2255 pereundi,

295 2264 322 2297 Ο
348 2272 406 2297 vas
431 2262 682 2296 misericordiae.

247 2323 313 2356 Vas
337 2321 496 2362 repletum
523 2321 645 2353 cunctis
672 2320 774 2365 donis,

249 2372 368 2405 Patens
393 2369 487 2402 malis
512 2371 608 2409 atque
632 2369 735 2413 bonis,

293 2419 383 2452 Dans
403 2418 495 2460 pacis
520 2417 686 2462 beneficia,

857 2178 913 2211 32.

944 240 983 273 In
1008 239 1069 271 hoc
1092 247 1170 271 vase
1192 247 1244 271 me
1268 237 1433 280 conclude,

942 286 1055 320 Dulcis
1079 289 1190 327 mater,
1216 294 1277 319 nec
1302 286 1437 318 exclude

995 336 1024 367 A
1048 338 1105 368 tua
1129 338 1221 375 grata
1245 334 1359 375 gratia.

946 392 1028 435 Ave,
1058 402 1122 433 cor,
1149 393 1235 432 quod
1261 389 1417 424 Simeonis

945 440 1043 472 Ensis
1069 440 1187 473 transit
1209 440 1368 481 passionis

989 488 1106 520 Mortis
1129 488 1163 519 in
1188 488 1323 520 articulo

942 536 1021 571 Jesu
1047 535 1165 569 Christi
1190 536 1370 577 salvatoris,

941 583 1057 617 Mundi
1082 584 1183 616 omnis
1208 584 1261 624 qui
1286 582 1440 616 moeroris

993 631 1062 664 Nos
1086 632 1184 664 solvit
1207 642 1228 664 a
1250 631 1405 671 periculo.

945 689 1027 731 Ave,
1054 691 1166 729 pectus
1190 689 1416 732 venerandum,

945 736 999 770 Ad
1009 738 1094 777 quod
1103 746 1262 777 nunquam
1270 735 1490 769 deflorandum

995 784 1162 818 Peccantis
1186 794 1299 818 manus
1324 785 1433 824 subiit,

948 832 1082 873 Semper
1107 835 1213 864 manet
1236 832 1395 865 illibatum

948 880 1063 913 Pectus
1089 889 1224 924 sacrum,
1259 880 1328 912 Deo
1353 882 1488 922 gratum,

994 927 1132 961 Pudoris
1155 937 1270 960 munus
1293 927 1420 961 obtulit.

946 985 1051 1024 Salve,
1078 984 1157 1017 felix
1182 994 1350 1029 puerpera,

945 1033 1041 1073 Cujus
1067 1041 1160 1065 sacra
1184 1033 1283 1066 ubera

992 1080 1164 1114 Praedulci
1190 1081 1288 1121 plena
1311 1080 1396 1113 lacte

944 1128 1005 1161 Dei
1030 1129 1192 1161 lactarunt
1214 1128 1326 1170 filium,

943 1176 1003 1217 Qui
1030 1176 1117 1209 venit
1140 1176 1174 1208 in
1200 1176 1346 1209 exsilium

986 1224 1052 1257 Sed
1075 1226 1191 1265 sponte
1216 1234 1278 1257 non
1305 1228 1423 1257 coacte.

941 1281 1057 1324 Maria,
1084 1284 1140 1314 tua
1164 1281 1264 1315 ubera

942 1329 1066 1362 Felicia
1091 1331 1166 1362 sunt
1189 1338 1332 1373 munera,

991 1377 1071 1410 (ium
1095 1377 1210 1418 quibus
1236 1379 1407 1411 decoratur

942 1425 1116 1459 Humilitas
1142 1428 1174 1457 et
1199 1425 1339 1470 castitas,

941 1473 1130 1507 Sanctorum
1155 1473 1204 1505 his
1229 1474 1365 1506 societas

992 1521 1068 1553 Plus
1094 1520 1166 1554 vino
1193 1522 1382 1556 delectatur.

943 1578 1014 1611 Hae
1039 1582 1114 1611 sunt
1138 1578 1267 1619 gemelli
1292 1578 1426 1622 hinnuli,

941 1626 1013 1659 Duo
1039 1626 1184 1659 conversi
1209 1626 1321 1668 populi

985 1674 1040 1707 Ad
1064 1674 1160 1707 fidem
1185 1674 1351 1716 trinitatis,

942 1724 1025 1763 Quos
1053 1722 1142 1764 virgo
1168 1722 1252 1755 lacte
1278 1722 1416 1766 debrias,

941 1771 1026 1804 Dum
1051 1770 1091 1803 ab
1118 1778 1226 1803 errore
1251 1779 1384 1804 revocas

988 1818 1042 1851 Ad
1064 1818 1163 1851 fidem
1187 1818 1343 1852 veritatis.

942 1878 967 1910 Ο
994 1876 1111 1920 Maria,
1137 1879 1241 1909 mater
1264 1876 1329 1919 pia,

939 1924 1007 1957 Nos
1033 1927 1193 1957 certantes
1217 1925 1249 1957 in
1277 1924 1337 1957 hac
1362 1925 1416 1958 via

983 1972 1133 2005 Materno
1158 1973 1250 2005 vultu
1275 1973 1419 2015 respice,

940 2020 1052 2054 Dulcis
1076 2022 1166 2061 Jesu,
1192 2030 1252 2061 per
1276 2022 1444 2066 mamillam,

940 2070 1025 2109 Quas
1050 2068 1177 2112 suxisti,
1198 2078 1250 2102 me
1273 2078 1333 2109 per
1356 2070 1430 2103 illas

990 2118 1030 2150 In
1053 2117 1135 2151 hora
1156 2118 1269 2151 mortis
1294 2118 1436 2159 adscipe.

941 2176 1046 2217 Caput
1072 2178 1158 2208 tuum
1186 2178 1222 2209 ut
1248 2174 1423 2221 Carmelus,

939 2226 975 2258 In
1002 2233 1063 2265 quo
1089 2233 1183 2258 verus
1207 2224 1388 2266 HelisaeuS,

986 2273 1131 2306 Aeterna
1152 2273 1250 2315 salus,
1276 2274 1458 2316 scanderat,

939 2322 1024 2355 Dum
1049 2324 1082 2354 te
1106 2323 1241 2354 matrem
1264 2321 1404 2367 pietatis,

940 2372 1047 2410 Caput
1071 2370 1172 2402 omnis
1198 2371 1379 2404 sanctitatis

987 2418 1169 2453 Virtutibus
1194 2420 1387 2462 repleverat.
