1653 2668
676 97 932 132 -252—-

164 201 218 235 21.
243 197 357 234 xristo
383 200 466 232 sicut
489 195 660 231 Chn'stiani

286 248 349 280 Hic
374 255 480 279 omnes
504 254 539 278 se
562 244 706 284 offerunt,

238 296 357 329 Tamen
382 295 423 326 ad
449 300 571 325 errores
597 300 693 324 vanos

285 341 465 375 Damnandi
489 350 524 372 se
547 339 723 380 conferunt,

240 390 322 430 Quos
348 390 459 429 culpae
477 392 636 427 tamquam
651 387 779 419 insanos

295 439 339 470 aid
365 436 490 469 inferna
515 434 672 468 deferunt.

161 622 217 655 23.
243 617 407 654 Am'males
432 616 582 651 Saraceni

285 666 420 698 Mittunt
444 665 476 697 in
502 672 552 696 me
576 662 710 705 gladios,

234 714 339 748 Multa
360 711 519 753 pravitate
542 711 629 751 pleni

282 762 373 794 Meos
397 762 513 793 necant
535 757 628 799 filios,

237 808 282 842 Et
302 812 339 840 ut
363 807 483 840 domini
506 807 626 839 terreni

282 855 419 888 Faciunt,
443 855 566 887 exitios.

156 924 210 955 24.
236 921 382 958 Bethlem
406 924 546 953 sanctam
570 928 716 960 rapuere,

283 971 490 1002 Peremerunt
513 968 644 1008 incolas,

232 1017 405 1051 Jerusalem
433 1015 613 1057 foedavere,

282 1065 449 1097 Violarunt
473 1063 584 1103 violas,

235 1112 417 1145 Moschotas
441 1110 488 1143 ibi
511 1110 627 1142 fecere.

280 1159 445 1200 Fugarunt
470 1158 687 1191 Christicolas,

160 1228 214 1260 25.
242 1223 326 1261 Cleri
351 1224 435 1258 festa
458 1234 521 1256 non
546 1223 713 1264 honorant,

284 1273 445 1312 Campana
469 1281 531 1304 non
556 1272 705 1311 tinniunt,

235 1320 314 1353 Viae
339 1323 467 1353 sanctae
493 1319 568 1352 Sion
592 1319 730 1359 plorant,

282 1368 365 1400 Nam
389 1368 499 1408 plebes
524 1375 588 1399 non
609 1366 749 1405 veniunt,

238 1416 434 1448 salvatorem
458 1424 522 1446 non
546 1414 691 1452 adorant,

283 1463 341 1502 Qui
365 1463 437 1495 loca
461 1461 650 1496 custodiunt.

156 1532 209 1564 26.
235 1528 384 1564 Dolorem
408 1530 505 1562 Turci
529 1532 684 1561 auxerunt

282 1578 320 1610 In
344 1586 422 1610 arcu
446 1579 479 1610 et,
501 1577 597 1617 ascia,

235 1626 293 1665 Qui
325 1633 376 1657 me
399 1627 551 1657 moestam
573 1624 780 1664 expulserun‘c

282 1672 332 1705 De
355 1673 472 1705 minori
495 1673 583 1710 Asia,

237 1720 302 1754 Ubi
325 1730 442 1761 paucos
466 1721 664 1760 reliquerunt

282 1768 332 1800 De
356 1768 476 1801 Christi
499 1767 630 1800 familia.

157 1836 210 1868 27.
237 1833 401 1875 Ephesina
426 1838 459 1867 et
482 1834 682 1875 Smyrnensis

283 1883 466 1923 Migrarunt
489 1882 650 1923 ecclesiae,

239 1930 394 1971 Pergami,
420 1930 673 1971 Thyathirensis,

283 1978 403 2020 Sardis,
429 1978 612 2017 Laodiciae,

239 2025 312 2058 Sola
337 2025 624 2065 Philadelphiensis

283 2073 472 2105 Perseverat
493 2072 600 2106 hodie.

158 2139 214 2172 28.
239 2136 376 2173 Fractae
402 2141 477 2171 sunt
502 2139 706 2173 ecclesiarum

283 2187 389 2219 Aedes
413 2190 445 2219 et
468 2187 591 2228 altaria,

240 2234 336 2266 Pulsa
361 2238 434 2267 sunt
456 2235 531 2266 inde
555 2236 723 2269 missarum

288 2283 433 2322 Quaeque
453 2282 619 2327 sacrificia,

236 2329 279 2361 Et
301 2331 438 2369 pastoris
463 2331 637 2363 animarum

285 2375 408 2418 Fugata
430 2380 589 2411 memoria.

837 195 892 227 22.

781 538 826 571 ΙΙ.

838 615 894 647 29.

839 920 894 953 30.

840 1222 896 1257 31.

838 1528 892 1561 32.

838 1833 892 1867 33.

837 2141 893 2173 34.

916 190 988 228 Zeli
1013 193 1142 234 quidem
1166 193 1214 224 tui
1238 192 1312 224 telis

967 241 1119 274 Sauciata
1144 240 1278 281 crucior,

917 289 1031 322 Multis
1055 289 1089 320 in
1113 288 1264 321 membris
1286 287 1392 320 fidelis

968 337 1008 369 In
1032 336 1139 369 multis
1165 337 1358 378 concrucior,

920 384 1043 425 Fioque
1066 385 1136 417 sine
1159 384 1293 416 medelis

968 432 1094 474 Jugiter
1118 432 1266 465 amarior.

921 610 1021 647 Grutta
1044 614 1125 655 ligat,
1147 613 1292 646 membra
1316 621 1387 645 mea

967 662 1011 694 Et
1036 670 1181 702 spasmus
1206 661 1386 701 vecordiae,

920 709 1004 742 Nam
1027 718 1088 741 nec
1111 712 1205 749 spata
1228 708 1425 741 Maec-abaea

967 757 1036 789 Nec
1061 756 1158 790 verbo
1183 757 1337 789 scientiae

920 805 1022 838 Arma
1044 806 1137 837 vinco
1162 805 1333 838 Cananaea

968 853 1130 885 Minorum
1154 853 1326 893 potentiae.

919 916 1026 953 Hebet
1048 928 1146 962 mens,
1172 919 1254 952 fides
1278 919 1424 958 miratur,

965 967 1056 1007 Quod
1081 968 1142 999 hae
1166 968 1231 999 sint
1255 967 1419 1007 eeclesiae,

924 1015 1043 1054 Quibus
1068 1015 1155 1047 salus
1182 1015 1370 1054 destinatur,

968 1063 1037 1094 Pax
1060 1065 1093 1093 et
1116 1060 1239 1094 fructus
1264 1062 1387 1102 gratiae

919 1109 1186 1149 Apocalipsisque
1211 1109 1315 1150 datur,

966 1157 1117 1189 Privatae
1140 1158 1206 1189 sint
1229 1158 1344 1197 speeie.

921 1219 998 1257 Istis
1023 1223 1167 1264 magistri
1192 1223 1352 1264 scripsere

968 1272 1092 1311 PetruS,
1119 1271 1247 1313 Paulus,
1274 1271 1392 1312 aquila,

916 1318 992 1351 Istis
1019 1318 1166 1359 dogmata
1193 1319 1312 1351 dedere

965 1366 1204 1406 Praeceptaque
1227 1367 1335 1406 rut-ila,

919 1414 988 1447 Ista
1011 1423 1096 1446 nunc
1122 1422 1280 1447 evanuere

967 1461 1013 1494 Ut
1036 1460 1187 1502 figmenta
1206 1461 1327 1496 nubila.

919 1525 1052 1562 Karitas
1076 1528 1268 1569 refrigerata

965 1575 1061 1608 Venit
1083 1585 1186 1617 prope
1208 1577 1354 1617 nihilum,

922 1623 1078 1663 Iniquitas
1103 1626 1307 1665 augmentata

968 1671 1093 1703 Sanctis
1118 1671 1227 1704 aufert.
1247 1672 1394 1713 jubilum,

922 1719 1124 1753 Candelabra
1148 1723 1223 1753 sunt
1245 1720 1371 1753 sublata

966 1767 1105 1807 Propter
1130 1768 1257 1807 culpam
1281 1767 1423 1809 vigilum.

918 1831 1028 1874 Longe
1049 1833 1136 1866 Deus
1157 1844 1209 1866 me
1233 1833 1340 1867 fecisti

965 1881 1050 1913 Meis
1074 1891 1094 1913 a
1117 1882 1292 1925 benevolis,

920 1929 1130 1970 Solamenque
1154 1930 1344 1963 subtraxisti

967 1977 1159 2010 Concessum
1184 1979 1349 2022 apostolis,

919 2024 1005 2057 Hine
1028 2026 1105 2058 inde
1131 2026 1372 2059 circumdedisti

964 2073 1021 2105 Me
1044 2075 1154 2106 multis
1177 2075 1353 2109 malevolis,

919 2137 984 2174 Mei
1008 2141 1146 2181 praelati
1169 2143 1316 2182 pomposi

966 2188 1104 2221 Tument
1130 2192 1167 2222 ut
1190 2190 1371 2231 hydropici,

920 2237 1054 2277 Quidam
1078 2238 1189 2270 volunt
1213 2239 1355 2280 spiritosi

967 2284 1079 2318 Videri
1103 2286 1274 2327 magnifici,

921 2333 1118 2374 Quidamque
1144 2334 1287 2367 deliciosi

967 2381 1049 2414 Sunt
1071 2385 1108 2414 ut
1131 2383 1312 2424 paralytici.
