<?xml version="1.0" encoding="UTF-8"?>
<!DOCTYPE html PUBLIC "-//W3C//DTD XHTML 1.0 Transitional//EN"
    "http://www.w3.org/TR/xhtml1/DTD/xhtml1-transitional.dtd">
<html xmlns="http://www.w3.org/1999/xhtml" xml:lang="en" lang="en">
 <head>
  <title>
</title>
<meta http-equiv="Content-Type" content="text/html;charset=utf-8" />
  <meta name='ocr-system' content='tesseract 3.04.00' />
  <meta name='ocr-capabilities' content='ocr_page ocr_carea ocr_par ocr_line ocrx_word'/>
</head>
<body>
  <div class='ocr_page' id='page_1' title='image "./analectahymnica15drevuoft_00249.png"; bbox 0 0 1653 2668; ppageno 0'>
   <div class='ocr_carea' id='block_1_1' title="bbox 202 215 257 246">
    <p class='ocr_par' dir='ltr' id='par_1_1' title="bbox 202 215 257 246">
     <span class='ocr_line' id='line_1_1' title="bbox 202 215 257 246; baseline -0.073 1"><span class='ocrx_word' id='word_1_1' title='bbox 202 215 257 246; x_wconf 87' lang='grc'><strong>59.</strong></span> 
     </span>
    </p>
   </div>
   <div class='ocr_carea' id='block_1_2' title="bbox 200 536 253 568">
    <p class='ocr_par' dir='ltr' id='par_1_2' title="bbox 200 536 253 568">
     <span class='ocr_line' id='line_1_2' title="bbox 200 536 253 568; baseline 0.019 -1"><span class='ocrx_word' id='word_1_2' title='bbox 200 536 253 568; x_wconf 84' lang='grc'><strong>60.</strong></span> 
     </span>
    </p>
   </div>
   <div class='ocr_carea' id='block_1_3' title="bbox 195 857 249 889">
    <p class='ocr_par' dir='ltr' id='par_1_3' title="bbox 195 857 249 889">
     <span class='ocr_line' id='line_1_3' title="bbox 195 857 249 889; baseline -0.037 0"><span class='ocrx_word' id='word_1_3' title='bbox 195 857 249 889; x_wconf 90' lang='grc'><strong>61.</strong></span> 
     </span>
    </p>
   </div>
   <div class='ocr_carea' id='block_1_4' title="bbox 194 1179 249 1210">
    <p class='ocr_par' dir='ltr' id='par_1_4' title="bbox 194 1179 249 1210">
     <span class='ocr_line' id='line_1_4' title="bbox 194 1179 249 1210; baseline -0.018 0"><span class='ocrx_word' id='word_1_4' title='bbox 194 1179 249 1210; x_wconf 87' lang='grc'><strong>62.</strong></span> 
     </span>
    </p>
   </div>
   <div class='ocr_carea' id='block_1_5' title="bbox 190 1501 244 1534">
    <p class='ocr_par' dir='ltr' id='par_1_5' title="bbox 190 1501 244 1534">
     <span class='ocr_line' id='line_1_5' title="bbox 190 1501 244 1534; baseline 0.037 -2"><span class='ocrx_word' id='word_1_5' title='bbox 190 1501 244 1534; x_wconf 87' lang='lat'>63.</span> 
     </span>
    </p>
   </div>
   <div class='ocr_carea' id='block_1_6' title="bbox 190 1823 244 1856">
    <p class='ocr_par' dir='ltr' id='par_1_6' title="bbox 190 1823 244 1856">
     <span class='ocr_line' id='line_1_6' title="bbox 190 1823 244 1856; baseline 0.037 -2"><span class='ocrx_word' id='word_1_6' title='bbox 190 1823 244 1856; x_wconf 84' lang='lat'><strong>64.</strong></span> 
     </span>
    </p>
   </div>
   <div class='ocr_carea' id='block_1_7' title="bbox 188 2146 243 2179">
    <p class='ocr_par' dir='ltr' id='par_1_7' title="bbox 188 2146 243 2179">
     <span class='ocr_line' id='line_1_7' title="bbox 188 2146 243 2179; baseline 0.036 -2"><span class='ocrx_word' id='word_1_7' title='bbox 188 2146 243 2179; x_wconf 88' lang='lat'><strong>65.</strong></span> 
     </span>
    </p>
   </div>
   <div class='ocr_carea' id='block_1_8' title="bbox 718 113 977 146">
    <p class='ocr_par' dir='ltr' id='par_1_8' title="bbox 718 113 977 146">
     <span class='ocr_line' id='line_1_8' title="bbox 718 113 977 146; baseline 0.004 -1"><span class='ocrx_word' id='word_1_8' title='bbox 718 113 977 146; x_wconf 80' lang='lat'>-246—</span> 
     </span>
    </p>
   </div>
   <div class='ocr_carea' id='block_1_9' title="bbox 281 208 791 482">
    <p class='ocr_par' dir='ltr' id='par_1_9' title="bbox 283 208 791 292">
     <span class='ocr_line' id='line_1_9' title="bbox 283 208 791 253; baseline -0.008 -8"><span class='ocrx_word' id='word_1_9' title='bbox 283 212 400 253; x_wconf 82' lang='lat' dir='ltr'>Tange,</span> <span class='ocrx_word' id='word_1_10' title='bbox 426 214 529 252; x_wconf 85' lang='lat' dir='ltr'><strong>tange,</strong></span> <span class='ocrx_word' id='word_1_11' title='bbox 555 210 631 243; x_wconf 85' lang='lat' dir='ltr'><strong>Jesu</strong></span> <span class='ocrx_word' id='word_1_12' title='bbox 657 208 791 248; x_wconf 85' lang='lat' dir='ltr'><strong>Christe,</strong></span> 
     </span>
     <span class='ocr_line' id='line_1_10' title="bbox 327 258 681 292; baseline -0.011 0"><span class='ocrx_word' id='word_1_13' title='bbox 327 268 414 292; x_wconf 89' lang='lat' dir='ltr'><strong>meos</strong></span> <span class='ocrx_word' id='word_1_14' title='bbox 440 258 681 291; x_wconf 89' lang='lat' dir='ltr'><strong>clementissime</strong></span> 
     </span>
    </p>

    <p class='ocr_par' dir='ltr' id='par_1_10' title="bbox 282 304 720 395">
     <span class='ocr_line' id='line_1_11' title="bbox 282 304 720 346; baseline -0.009 -6"><span class='ocrx_word' id='word_1_15' title='bbox 282 308 394 340; x_wconf 80' lang='lat' dir='ltr'><strong>Oculos</strong></span> <span class='ocrx_word' id='word_1_16' title='bbox 420 310 453 338; x_wconf 77' lang='lat' dir='ltr'><strong>et.</strong></span> <span class='ocrx_word' id='word_1_17' title='bbox 475 315 619 346; x_wconf 87' lang='lat' dir='ltr'><strong>squamas</strong></span> <span class='ocrx_word' id='word_1_18' title='bbox 643 304 720 337; x_wconf 86' lang='lat' dir='ltr'><strong>inde</strong></span> 
     </span>
     <span class='ocr_line' id='line_1_12' title="bbox 326 353 641 395; baseline -0.01 -8"><span class='ocrx_word' id='word_1_19' title='bbox 326 354 523 395; x_wconf 87' lang='lat' dir='ltr'><strong>serpentinas</strong></span> <span class='ocrx_word' id='word_1_20' title='bbox 548 353 641 385; x_wconf 88' lang='lat' dir='ltr'><strong>ablue</strong></span> 
     </span>
    </p>

    <p class='ocr_par' dir='ltr' id='par_1_11' title="bbox 281 399 731 482">
     <span class='ocr_line' id='line_1_13' title="bbox 281 399 731 441; baseline -0.009 -7"><span class='ocrx_word' id='word_1_21' title='bbox 281 401 490 441; x_wconf 84' lang='lat' dir='ltr'><strong>Fluminaque</strong></span> <span class='ocrx_word' id='word_1_22' title='bbox 512 401 613 433; x_wconf 89' lang='lat' dir='ltr'><strong>multa</strong></span> <span class='ocrx_word' id='word_1_23' title='bbox 636 399 731 432; x_wconf 85' lang='lat' dir='ltr'><strong>valde</strong></span> 
     </span>
     <span class='ocr_line' id='line_1_14' title="bbox 326 449 648 482; baseline -0.006 -1"><span class='ocrx_word' id='word_1_24' title='bbox 326 450 534 482; x_wconf 86' lang='lat' dir='ltr'><strong>lamentorum</strong></span> <span class='ocrx_word' id='word_1_25' title='bbox 560 449 648 480; x_wconf 87' lang='lat' dir='ltr'><strong>elice.</strong></span> 
     </span>
    </p>
   </div>
   <div class='ocr_carea' id='block_1_10' title="bbox 274 536 818 811">
    <p class='ocr_par' dir='ltr' id='par_1_12' title="bbox 279 536 707 574">
     <span class='ocr_line' id='line_1_15' title="bbox 279 536 707 574; baseline -0.007 -7"><span class='ocrx_word' id='word_1_26' title='bbox 279 536 379 567; x_wconf 88' lang='lat' dir='ltr'><strong>Actus</strong></span> <span class='ocrx_word' id='word_1_27' title='bbox 403 536 493 574; x_wconf 81' lang='lat' dir='ltr'>terge</span> <span class='ocrx_word' id='word_1_28' title='bbox 518 536 550 565; x_wconf 82' lang='lat' dir='ltr'><strong>et</strong></span> <span class='ocrx_word' id='word_1_29' title='bbox 573 536 707 573; x_wconf 81' lang='lat' dir='ltr'><strong>reterge‚</strong></span> 
     </span>
    </p>

    <p class='ocr_par' dir='ltr' id='par_1_13' title="bbox 275 579 786 668">
     <span class='ocr_line' id='line_1_16' title="bbox 325 579 786 622; baseline -0.004 -9"><span class='ocrx_word' id='word_1_30' title='bbox 325 591 385 622; x_wconf 88' lang='lat' dir='ltr'><strong>quo</strong></span> <span class='ocrx_word' id='word_1_31' title='bbox 409 581 481 621; x_wconf 88' lang='lat' dir='ltr'><strong>plus</strong></span> <span class='ocrx_word' id='word_1_32' title='bbox 503 579 603 613; x_wconf 74' lang='lat' dir='ltr'><strong>fluant.</strong></span> <span class='ocrx_word' id='word_1_33' title='bbox 626 580 786 622; x_wconf 77' lang='lat' dir='ltr'>lacrimae,</span> 
     </span>
     <span class='ocr_line' id='line_1_17' title="bbox 275 627 731 668; baseline -0.004 -7"><span class='ocrx_word' id='word_1_34' title='bbox 275 629 393 661; x_wconf 83' lang='lat' dir='ltr'>Fluant</span> <span class='ocrx_word' id='word_1_35' title='bbox 415 631 517 668; x_wconf 84' lang='lat' dir='ltr'><strong>nocte,</strong></span> <span class='ocrx_word' id='word_1_36' title='bbox 543 627 643 660; x_wconf 87' lang='lat' dir='ltr'><strong>fluant</strong></span> <span class='ocrx_word' id='word_1_37' title='bbox 670 627 731 668; x_wconf 88' lang='lat' dir='ltr'><strong>die,</strong></span> 
     </span>
    </p>

    <p class='ocr_par' dir='ltr' id='par_1_14' title="bbox 274 676 818 765">
     <span class='ocr_line' id='line_1_18' title="bbox 320 676 720 717; baseline -0.003 -10"><span class='ocrx_word' id='word_1_38' title='bbox 320 680 356 708; x_wconf 84' lang='lat' dir='ltr'><strong>ut</strong></span> <span class='ocrx_word' id='word_1_39' title='bbox 381 676 499 717; x_wconf 88' lang='lat' dir='ltr'><strong>possim</strong></span> <span class='ocrx_word' id='word_1_40' title='bbox 524 677 720 716; x_wconf 83' lang='lat' dir='ltr'><strong>restinguere</strong></span> 
     </span>
     <span class='ocr_line' id='line_1_19' title="bbox 274 723 818 765; baseline -0.004 -9"><span class='ocrx_word' id='word_1_41' title='bbox 274 724 442 765; x_wconf 80' lang='lat' dir='ltr'>Flammas,</span> <span class='ocrx_word' id='word_1_42' title='bbox 467 732 547 763; x_wconf 86' lang='lat' dir='ltr'><strong>quae</strong></span> <span class='ocrx_word' id='word_1_43' title='bbox 563 726 637 755; x_wconf 83' lang='lat' dir='ltr'><strong>sunt.</strong></span> <span class='ocrx_word' id='word_1_44' title='bbox 653 723 731 755; x_wconf 92' lang='lat' dir='ltr'><strong>mihi</strong></span> <span class='ocrx_word' id='word_1_45' title='bbox 745 723 818 762; x_wconf 81' lang='lat' dir='ltr'><strong>J&#39;ure</strong></span> 
     </span>
    </p>

    <p class='ocr_par' dir='ltr' id='par_1_15' title="bbox 321 771 696 811">
     <span class='ocr_line' id='line_1_20' title="bbox 321 771 696 811; baseline -0.003 -7"><span class='ocrx_word' id='word_1_46' title='bbox 321 771 431 811; x_wconf 87' lang='lat' dir='ltr'><strong>poenis</strong></span> <span class='ocrx_word' id='word_1_47' title='bbox 456 771 534 803; x_wconf 88' lang='lat' dir='ltr'><strong>meis</strong></span> <span class='ocrx_word' id='word_1_48' title='bbox 561 771 696 803; x_wconf 85' lang='lat' dir='ltr'><strong>debitae.</strong></span> 
     </span>
    </p>
   </div>
   <div class='ocr_carea' id='block_1_11' title="bbox 271 856 770 1132">
    <p class='ocr_par' dir='ltr' id='par_1_16' title="bbox 275 856 679 944">
     <span class='ocr_line' id='line_1_21' title="bbox 275 856 679 897; baseline 0 -9"><span class='ocrx_word' id='word_1_49' title='bbox 275 856 412 896; x_wconf 82' lang='lat' dir='ltr'>Spiritus</span> <span class='ocrx_word' id='word_1_50' title='bbox 437 865 455 887; x_wconf 94' lang='lat' dir='ltr'><strong>o</strong></span> <span class='ocrx_word' id='word_1_51' title='bbox 480 863 599 897; x_wconf 88' lang='lat' dir='ltr'><strong>sancte,</strong></span> <span class='ocrx_word' id='word_1_52' title='bbox 625 857 679 897; x_wconf 90' lang='lat' dir='ltr'><strong>pia</strong></span> 
     </span>
     <span class='ocr_line' id='line_1_22' title="bbox 319 903 642 944; baseline 0 -8"><span class='ocrx_word' id='word_1_53' title='bbox 319 903 442 944; x_wconf 82' lang='lat' dir='ltr'><strong>respice</strong></span> <span class='ocrx_word' id='word_1_54' title='bbox 465 912 515 935; x_wconf 92' lang='lat' dir='ltr'><strong>me</strong></span> <span class='ocrx_word' id='word_1_55' title='bbox 539 905 642 944; x_wconf 83' lang='lat' dir='ltr'><strong>gratia</strong></span> 
     </span>
    </p>

    <p class='ocr_par' dir='ltr' id='par_1_17' title="bbox 272 951 770 1041">
     <span class='ocr_line' id='line_1_23' title="bbox 272 951 770 983; baseline -0.002 0"><span class='ocrx_word' id='word_1_56' title='bbox 272 951 316 983; x_wconf 86' lang='lat' dir='ltr'><strong>Et</strong></span> <span class='ocrx_word' id='word_1_57' title='bbox 336 960 474 983; x_wconf 88' lang='lat' dir='ltr'><strong>mersum</strong></span> <span class='ocrx_word' id='word_1_58' title='bbox 498 951 608 983; x_wconf 85' lang='lat' dir='ltr'><strong>mortis</strong></span> <span class='ocrx_word' id='word_1_59' title='bbox 631 952 665 983; x_wconf 89' lang='lat' dir='ltr'><strong>in</strong></span> <span class='ocrx_word' id='word_1_60' title='bbox 688 960 770 982; x_wconf 87' lang='lat' dir='ltr'><strong>urna</strong></span> 
     </span>
     <span class='ocr_line' id='line_1_24' title="bbox 323 998 685 1041; baseline 0 -11"><span class='ocrx_word' id='word_1_61' title='bbox 323 1008 383 1041; x_wconf 87' lang='lat' dir='ltr'><strong>me,</strong></span> <span class='ocrx_word' id='word_1_62' title='bbox 409 1007 533 1038; x_wconf 80' lang='lat' dir='ltr'><strong>precor,</strong></span> <span class='ocrx_word' id='word_1_63' title='bbox 560 998 685 1031; x_wconf 84' lang='lat' dir='ltr'><strong>vivifica</strong></span> 
     </span>
    </p>

    <p class='ocr_par' dir='ltr' id='par_1_18' title="bbox 271 1045 656 1132">
     <span class='ocr_line' id='line_1_25' title="bbox 271 1045 616 1079; baseline 0.003 -2"><span class='ocrx_word' id='word_1_64' title='bbox 271 1046 321 1077; x_wconf 88' lang='lat' dir='ltr'><strong>Ac</strong></span> <span class='ocrx_word' id='word_1_65' title='bbox 344 1045 537 1079; x_wconf 87' lang='lat' dir='ltr'><strong>vivificatum</strong></span> <span class='ocrx_word' id='word_1_66' title='bbox 561 1050 616 1078; x_wconf 88' lang='lat' dir='ltr'><strong>tua</strong></span> 
     </span>
     <span class='ocr_line' id='line_1_26' title="bbox 318 1094 656 1132; baseline -0.003 -7"><span class='ocrx_word' id='word_1_67' title='bbox 318 1094 391 1125; x_wconf 89' lang='lat' dir='ltr'><strong>luce</strong></span> <span class='ocrx_word' id='word_1_68' title='bbox 411 1094 478 1132; x_wconf 79' lang='lat' dir='ltr'><strong>jam</strong></span> <span class='ocrx_word' id='word_1_69' title='bbox 501 1094 656 1126; x_wconf 85' lang='lat' dir='ltr'><strong>illumina.</strong></span> 
     </span>
    </p>
   </div>
   <div class='ocr_carea' id='block_1_12' title="bbox 272 1177 717 1457">
    <p class='ocr_par' dir='ltr' id='par_1_19' title="bbox 277 1177 686 1269">
     <span class='ocr_line' id='line_1_27' title="bbox 277 1177 686 1212; baseline 0.002 -2"><span class='ocrx_word' id='word_1_70' title='bbox 277 1177 384 1210; x_wconf 84' lang='lat' dir='ltr'><strong>Gratis</strong></span> <span class='ocrx_word' id='word_1_71' title='bbox 408 1187 481 1209; x_wconf 89' lang='lat' dir='ltr'><strong>nam</strong></span> <span class='ocrx_word' id='word_1_72' title='bbox 507 1177 612 1210; x_wconf 82' lang='lat' dir='ltr'><strong>fecisti</strong></span> <span class='ocrx_word' id='word_1_73' title='bbox 630 1182 686 1212; x_wconf 81' lang='lat' dir='ltr'><strong>tua</strong></span> 
     </span>
     <span class='ocr_line' id='line_1_28' title="bbox 317 1226 620 1269; baseline 0 -11"><span class='ocrx_word' id='word_1_74' title='bbox 317 1235 369 1258; x_wconf 92' lang='lat' dir='ltr'><strong>me</strong></span> <span class='ocrx_word' id='word_1_75' title='bbox 391 1226 620 1269; x_wconf 81' lang='lat' dir='ltr'><strong>misericordia,</strong></span> 
     </span>
    </p>

    <p class='ocr_par' dir='ltr' id='par_1_20' title="bbox 275 1271 701 1360">
     <span class='ocr_line' id='line_1_29' title="bbox 275 1271 701 1314; baseline 0.002 -10"><span class='ocrx_word' id='word_1_76' title='bbox 275 1272 393 1314; x_wconf 79' lang='lat' dir='ltr'><strong>Gratis,</strong></span> <span class='ocrx_word' id='word_1_77' title='bbox 418 1271 536 1314; x_wconf 82' lang='lat' dir='ltr'><strong>flagito,</strong></span> <span class='ocrx_word' id='word_1_78' title='bbox 561 1273 701 1306; x_wconf 85' lang='lat' dir='ltr'><strong>reforma</strong></span> 
     </span>
     <span class='ocr_line' id='line_1_30' title="bbox 321 1321 692 1360; baseline 0.005 -9"><span class='ocrx_word' id='word_1_79' title='bbox 321 1321 445 1352; x_wconf 89' lang='lat' dir='ltr'><strong>demum</strong></span> <span class='ocrx_word' id='word_1_80' title='bbox 472 1324 504 1352; x_wconf 84' lang='lat' dir='ltr'><strong>et</strong></span> <span class='ocrx_word' id='word_1_81' title='bbox 527 1321 692 1360; x_wconf 86' lang='lat' dir='ltr'><strong>resuscita,</strong></span> 
     </span>
    </p>

    <p class='ocr_par' dir='ltr' id='par_1_21' title="bbox 272 1367 717 1457">
     <span class='ocr_line' id='line_1_31' title="bbox 272 1367 717 1409; baseline 0 -10"><span class='ocrx_word' id='word_1_82' title='bbox 272 1367 380 1399; x_wconf 79' lang='lat' dir='ltr'><strong>Gratis</strong></span> <span class='ocrx_word' id='word_1_83' title='bbox 403 1370 459 1399; x_wconf 79' lang='lat' dir='ltr'><strong>tua</strong></span> <span class='ocrx_word' id='word_1_84' title='bbox 483 1369 599 1400; x_wconf 83' lang='lat' dir='ltr'><strong>dantur</strong></span> <span class='ocrx_word' id='word_1_85' title='bbox 624 1370 717 1409; x_wconf 82' lang='lat' dir='ltr'><strong>dona,</strong></span> 
     </span>
     <span class='ocr_line' id='line_1_32' title="bbox 315 1415 705 1457; baseline 0.005 -10"><span class='ocrx_word' id='word_1_86' title='bbox 315 1416 391 1448; x_wconf 89' lang='lat' dir='ltr'><strong>hinc</strong></span> <span class='ocrx_word' id='word_1_87' title='bbox 416 1415 569 1447; x_wconf 86' lang='lat' dir='ltr'><strong>donorum</strong></span> <span class='ocrx_word' id='word_1_88' title='bbox 594 1416 705 1457; x_wconf 86' lang='lat' dir='ltr'><strong>gratia.</strong></span> 
     </span>
    </p>
   </div>
   <div class='ocr_carea' id='block_1_13' title="bbox 269 1500 767 1780">
    <p class='ocr_par' dir='ltr' id='par_1_22' title="bbox 269 1500 767 1592">
     <span class='ocr_line' id='line_1_33' title="bbox 269 1500 721 1542; baseline 0.002 -10"><span class='ocrx_word' id='word_1_89' title='bbox 269 1500 440 1541; x_wconf 84' lang='lat' dir='ltr'><strong>Memento,</strong></span> <span class='ocrx_word' id='word_1_90' title='bbox 465 1500 601 1533; x_wconf 88' lang='lat' dir='ltr'><strong>Domine</strong></span> <span class='ocrx_word' id='word_1_91' title='bbox 623 1503 721 1542; x_wconf 89' lang='lat' dir='ltr'><strong>Deus,</strong></span> 
     </span>
     <span class='ocr_line' id='line_1_34' title="bbox 317 1548 767 1592; baseline 0.002 -12"><span class='ocrx_word' id='word_1_92' title='bbox 317 1549 401 1588; x_wconf 84' lang='lat' dir='ltr'><strong>quod</strong></span> <span class='ocrx_word' id='word_1_93' title='bbox 425 1548 554 1588; x_wconf 84' lang='lat' dir='ltr'><strong>gignens</strong></span> <span class='ocrx_word' id='word_1_94' title='bbox 580 1552 612 1581; x_wconf 77' lang='lat' dir='ltr'><strong>et,</strong></span> <span class='ocrx_word' id='word_1_95' title='bbox 634 1549 767 1592; x_wconf 85' lang='lat' dir='ltr'><strong>genitus,</strong></span> 
     </span>
    </p>

    <p class='ocr_par' dir='ltr' id='par_1_23' title="bbox 269 1595 732 1677">
     <span class='ocr_line' id='line_1_35' title="bbox 269 1595 732 1638; baseline 0.004 -11"><span class='ocrx_word' id='word_1_96' title='bbox 269 1595 313 1628; x_wconf 87' lang='lat' dir='ltr'><strong>Ut</strong></span> <span class='ocrx_word' id='word_1_97' title='bbox 339 1604 372 1627; x_wconf 89' lang='lat' dir='ltr'><strong>es</strong></span> <span class='ocrx_word' id='word_1_98' title='bbox 397 1599 509 1635; x_wconf 84' lang='lat' dir='ltr'><strong>potens</strong></span> <span class='ocrx_word' id='word_1_99' title='bbox 531 1599 627 1638; x_wconf 87' lang='lat' dir='ltr'><strong>atque</strong></span> <span class='ocrx_word' id='word_1_100' title='bbox 650 1598 732 1638; x_wconf 81' lang='lat' dir='ltr'><strong>pius,</strong></span> 
     </span>
     <span class='ocr_line' id='line_1_36' title="bbox 316 1643 648 1677; baseline 0.006 -2"><span class='ocrx_word' id='word_1_101' title='bbox 316 1643 363 1675; x_wconf 87' lang='lat' dir='ltr'><strong>sic</strong></span> <span class='ocrx_word' id='word_1_102' title='bbox 386 1646 423 1675; x_wconf 83' lang='lat' dir='ltr'><strong>tu</strong></span> <span class='ocrx_word' id='word_1_103' title='bbox 444 1644 648 1677; x_wconf 82' lang='lat' dir='ltr'><strong>nihilominus</strong></span> 
     </span>
    </p>

    <p class='ocr_par' dir='ltr' id='par_1_24' title="bbox 270 1690 729 1780">
     <span class='ocr_line' id='line_1_37' title="bbox 270 1690 729 1735; baseline 0.007 -14"><span class='ocrx_word' id='word_1_104' title='bbox 270 1690 355 1722; x_wconf 85' lang='lat' dir='ltr'><strong>Ante</strong></span> <span class='ocrx_word' id='word_1_105' title='bbox 379 1692 484 1723; x_wconf 85' lang='lat' dir='ltr'><strong>saecla</strong></span> <span class='ocrx_word' id='word_1_106' title='bbox 509 1700 541 1723; x_wconf 90' lang='lat' dir='ltr'><strong>es</strong></span> <span class='ocrx_word' id='word_1_107' title='bbox 566 1692 729 1735; x_wconf 87' lang='lat' dir='ltr'><strong>benignus,</strong></span> 
     </span>
     <span class='ocr_line' id='line_1_38' title="bbox 316 1739 721 1780; baseline 0.012 -11"><span class='ocrx_word' id='word_1_108' title='bbox 316 1739 411 1778; x_wconf 88' lang='lat' dir='ltr'><strong>mitis,</strong></span> <span class='ocrx_word' id='word_1_109' title='bbox 437 1742 559 1780; x_wconf 89' lang='lat' dir='ltr'><strong>potens,</strong></span> <span class='ocrx_word' id='word_1_110' title='bbox 585 1741 721 1774; x_wconf 60' lang='lat' dir='ltr'><strong>validus..</strong></span> 
     </span>
    </p>
   </div>
   <div class='ocr_carea' id='block_1_14' title="bbox 268 1823 793 2104">
    <p class='ocr_par' dir='ltr' id='par_1_25' title="bbox 271 1823 793 1913">
     <span class='ocr_line' id='line_1_39' title="bbox 271 1823 793 1868; baseline 0.006 -13"><span class='ocrx_word' id='word_1_111' title='bbox 271 1823 308 1855; x_wconf 88' lang='lat' dir='ltr'><strong>In</strong></span> <span class='ocrx_word' id='word_1_112' title='bbox 335 1833 549 1865; x_wconf 81' lang='lat' dir='ltr'><strong>quemcunque</strong></span> <span class='ocrx_word' id='word_1_113' title='bbox 574 1826 655 1858; x_wconf 91' lang='lat' dir='ltr'><strong>enim</strong></span> <span class='ocrx_word' id='word_1_114' title='bbox 679 1826 793 1868; x_wconf 81' lang='lat' dir='ltr'><strong>spiras,</strong></span> 
     </span>
     <span class='ocr_line' id='line_1_40' title="bbox 313 1871 703 1913; baseline 0.008 -10"><span class='ocrx_word' id='word_1_115' title='bbox 313 1871 395 1904; x_wconf 90' lang='lat' dir='ltr'><strong>hunc</strong></span> <span class='ocrx_word' id='word_1_116' title='bbox 418 1873 526 1904; x_wconf 88' lang='lat' dir='ltr'><strong>statim</strong></span> <span class='ocrx_word' id='word_1_117' title='bbox 550 1873 703 1913; x_wconf 76' lang='lat' dir='ltr'><strong>vivificaS,</strong></span> 
     </span>
    </p>

    <p class='ocr_par' dir='ltr' id='par_1_26' title="bbox 268 1918 691 2010">
     <span class='ocr_line' id='line_1_41' title="bbox 268 1918 691 1962; baseline 0.012 -12"><span class='ocrx_word' id='word_1_118' title='bbox 268 1918 346 1951; x_wconf 87' lang='lat' dir='ltr'><strong>Cum</strong></span> <span class='ocrx_word' id='word_1_119' title='bbox 370 1924 473 1961; x_wconf 76' lang='lat' dir='ltr'><strong>patre,</strong></span> <span class='ocrx_word' id='word_1_120' title='bbox 497 1919 565 1952; x_wconf 84' lang='lat' dir='ltr'><strong>filio</strong></span> <span class='ocrx_word' id='word_1_121' title='bbox 588 1924 691 1962; x_wconf 82' lang='lat' dir='ltr'><strong>tonas,</strong></span> 
     </span>
     <span class='ocr_line' id='line_1_42' title="bbox 315 1968 651 2010; baseline 0.009 -12"><span class='ocrx_word' id='word_1_122' title='bbox 315 1968 398 2007; x_wconf 87' lang='lat' dir='ltr'><strong>regis</strong></span> <span class='ocrx_word' id='word_1_123' title='bbox 424 1970 456 1998; x_wconf 72' lang='lat' dir='ltr'><strong>et,</strong></span> <span class='ocrx_word' id='word_1_124' title='bbox 481 1968 651 2010; x_wconf 87' lang='lat' dir='ltr'><strong>illuminas,</strong></span> 
     </span>
    </p>

    <p class='ocr_par' dir='ltr' id='par_1_27' title="bbox 270 2013 749 2104">
     <span class='ocr_line' id='line_1_43' title="bbox 270 2013 749 2061; baseline 0.006 -16"><span class='ocrx_word' id='word_1_125' title='bbox 270 2013 411 2046; x_wconf 83' lang='lat' dir='ltr'><strong>Gratiam</strong></span> <span class='ocrx_word' id='word_1_126' title='bbox 437 2016 523 2055; x_wconf 87' lang='lat' dir='ltr'><strong>cujus</strong></span> <span class='ocrx_word' id='word_1_127' title='bbox 551 2013 613 2061; x_wconf 91' lang='lat' dir='ltr'><strong>[tu]</strong></span> <span class='ocrx_word' id='word_1_128' title='bbox 642 2018 749 2055; x_wconf 77' lang='lat' dir='ltr'><strong>donas,</strong></span> 
     </span>
     <span class='ocr_line' id='line_1_44' title="bbox 316 2063 660 2104; baseline 0.009 -11"><span class='ocrx_word' id='word_1_129' title='bbox 316 2063 434 2095; x_wconf 89' lang='lat' dir='ltr'><strong>solidas</strong></span> <span class='ocrx_word' id='word_1_130' title='bbox 459 2072 497 2095; x_wconf 85' lang='lat' dir='ltr'><strong>ac</strong></span> <span class='ocrx_word' id='word_1_131' title='bbox 521 2068 660 2104; x_wconf 86' lang='lat' dir='ltr'><strong>vegetas.</strong></span> 
     </span>
    </p>
   </div>
   <div class='ocr_carea' id='block_1_15' title="bbox 266 2147 806 2428">
    <p class='ocr_par' dir='ltr' id='par_1_28' title="bbox 266 2147 806 2428">
     <span class='ocr_line' id='line_1_45' title="bbox 267 2147 779 2192; baseline 0.01 -14"><span class='ocrx_word' id='word_1_132' title='bbox 267 2147 349 2186; x_wconf 76' lang='lat' dir='ltr'><strong>Quos</strong></span> <span class='ocrx_word' id='word_1_133' title='bbox 373 2148 489 2189; x_wconf 87' lang='lat' dir='ltr'><strong>placet,</strong></span> <span class='ocrx_word' id='word_1_134' title='bbox 515 2149 650 2191; x_wconf 87' lang='lat' dir='ltr'><strong>benigne</strong></span> <span class='ocrx_word' id='word_1_135' title='bbox 674 2159 779 2192; x_wconf 81' lang='lat' dir='ltr'><strong>vocaS,</strong></span> 
     </span>
     <span class='ocr_line' id='line_1_46' title="bbox 311 2198 654 2239; baseline 0.009 -12"><span class='ocrx_word' id='word_1_136' title='bbox 311 2199 441 2228; x_wconf 77' lang='lat' dir='ltr'><strong>vocatos</strong></span> <span class='ocrx_word' id='word_1_137' title='bbox 465 2198 654 2239; x_wconf 81' lang='lat' dir='ltr'><strong>sanctificas,</strong></span> 
     </span>
     <span class='ocr_line' id='line_1_47' title="bbox 268 2241 650 2284; baseline 0.016 -11"><span class='ocrx_word' id='word_1_138' title='bbox 268 2241 411 2275; x_wconf 85' lang='lat' dir='ltr'><strong>Humiles</strong></span> <span class='ocrx_word' id='word_1_139' title='bbox 432 2245 504 2284; x_wconf 92' lang='lat' dir='ltr'><strong>pius</strong></span> <span class='ocrx_word' id='word_1_140' title='bbox 529 2247 650 2278; x_wconf 81' lang='lat' dir='ltr'><strong>exaltas</strong></span> 
     </span>
     <span class='ocr_line' id='line_1_48' title="bbox 314 2292 629 2337; baseline 0.022 -17"><span class='ocrx_word' id='word_1_141' title='bbox 314 2293 346 2320; x_wconf 91' lang='lat' dir='ltr'><strong>et</strong></span> <span class='ocrx_word' id='word_1_142' title='bbox 368 2292 448 2323; x_wconf 85' lang='lat' dir='ltr'><strong>altos</strong></span> <span class='ocrx_word' id='word_1_143' title='bbox 472 2293 629 2337; x_wconf 83' lang='lat' dir='ltr'><strong>humilias,</strong></span> 
     </span>
     <span class='ocr_line' id='line_1_49' title="bbox 266 2336 806 2384; baseline 0.017 -16"><span class='ocrx_word' id='word_1_144' title='bbox 266 2336 507 2380; x_wconf 90' lang='lat' dir='ltr'><strong>Immundosque</strong></span> <span class='ocrx_word' id='word_1_145' title='bbox 520 2344 645 2382; x_wconf 91' lang='lat' dir='ltr'><strong>quosvis</strong></span> <span class='ocrx_word' id='word_1_146' title='bbox 661 2344 806 2384; x_wconf 80' lang='lat' dir='ltr'><strong>mundaS,</strong></span> 
     </span>
     <span class='ocr_line' id='line_1_50' title="bbox 313 2385 634 2428; baseline 0.025 -12"><span class='ocrx_word' id='word_1_147' title='bbox 313 2385 451 2425; x_wconf 87' lang='lat' dir='ltr'><strong>impuros</strong></span> <span class='ocrx_word' id='word_1_148' title='bbox 474 2389 634 2428; x_wconf 81' lang='lat' dir='ltr'><strong>purificas,</strong></span> 
     </span>
    </p>
   </div>
   <div class='ocr_carea' id='block_1_16' title="bbox 884 207 1510 487">
    <p class='ocr_par' dir='ltr' id='par_1_29' title="bbox 884 207 1510 487">
     <span class='ocr_line' id='line_1_51' title="bbox 884 207 1474 247; baseline -0.007 -5"><span class='ocrx_word' id='word_1_149' title='bbox 884 210 939 242; x_wconf 88' lang='lat'><strong>66.</strong></span> <span class='ocrx_word' id='word_1_150' title='bbox 965 207 1048 247; x_wconf 83' lang='lat' dir='ltr'><strong>Quid</strong></span> <span class='ocrx_word' id='word_1_151' title='bbox 1070 207 1174 247; x_wconf 90' lang='lat' dir='ltr'><strong>plura,</strong></span> <span class='ocrx_word' id='word_1_152' title='bbox 1200 207 1344 246; x_wconf 77' lang='lat' dir='ltr'><strong>leprosos</strong></span> <span class='ocrx_word' id='word_1_153' title='bbox 1369 214 1474 246; x_wconf 84' lang='lat' dir='ltr'><strong>sanaS,</strong></span> 
     </span>
     <span class='ocr_line' id='line_1_52' title="bbox 1010 253 1314 296; baseline 0 -10"><span class='ocrx_word' id='word_1_154' title='bbox 1010 256 1126 296; x_wconf 85' lang='lat' dir='ltr'><strong>impios</strong></span> <span class='ocrx_word' id='word_1_155' title='bbox 1147 253 1314 295; x_wconf 75' lang='lat' dir='ltr'><strong>Justificas,</strong></span> 
     </span>
     <span class='ocr_line' id='line_1_53' title="bbox 964 302 1510 343; baseline -0.005 -8"><span class='ocrx_word' id='word_1_156' title='bbox 964 302 1041 335; x_wconf 89' lang='lat' dir='ltr'><strong>Cum</strong></span> <span class='ocrx_word' id='word_1_157' title='bbox 1075 306 1168 343; x_wconf 81' lang='lat' dir='ltr'><strong>patre</strong></span> <span class='ocrx_word' id='word_1_158' title='bbox 1191 303 1344 343; x_wconf 88' lang='lat' dir='ltr'><strong>proleque</strong></span> <span class='ocrx_word' id='word_1_159' title='bbox 1369 304 1510 339; x_wconf 87' lang='lat' dir='ltr'><strong>cunctas,</strong></span> 
     </span>
     <span class='ocr_line' id='line_1_54' title="bbox 1008 351 1477 393; baseline -0.002 -11"><span class='ocrx_word' id='word_1_160' title='bbox 1008 360 1086 391; x_wconf 88' lang='lat' dir='ltr'><strong>quas</strong></span> <span class='ocrx_word' id='word_1_161' title='bbox 1111 351 1170 392; x_wconf 90' lang='lat' dir='ltr'><strong>vis,</strong></span> <span class='ocrx_word' id='word_1_162' title='bbox 1195 353 1317 382; x_wconf 89' lang='lat' dir='ltr'><strong>mentes</strong></span> <span class='ocrx_word' id='word_1_163' title='bbox 1341 358 1477 393; x_wconf 79' lang='lat' dir='ltr'><strong>recreas,</strong></span> 
     </span>
     <span class='ocr_line' id='line_1_55' title="bbox 961 398 1336 438; baseline 0 -8"><span class='ocrx_word' id='word_1_164' title='bbox 961 398 1097 438; x_wconf 86' lang='lat' dir='ltr'><strong>Insuper</strong></span> <span class='ocrx_word' id='word_1_165' title='bbox 1121 402 1153 430; x_wconf 79' lang='lat' dir='ltr'><strong>et</strong></span> <span class='ocrx_word' id='word_1_166' title='bbox 1175 401 1336 431; x_wconf 80' lang='lat' dir='ltr'><strong>recreatas</strong></span> 
     </span>
     <span class='ocr_line' id='line_1_56' title="bbox 1009 445 1378 487; baseline -0.005 -9"><span class='ocrx_word' id='word_1_167' title='bbox 1009 449 1053 485; x_wconf 83' lang='lat' dir='ltr'><strong>tn,</strong></span> <span class='ocrx_word' id='word_1_168' title='bbox 1080 449 1183 487; x_wconf 86' lang='lat' dir='ltr'><strong>pater,</strong></span> <span class='ocrx_word' id='word_1_169' title='bbox 1210 445 1378 486; x_wconf 85' lang='lat' dir='ltr'><strong>glorificas.</strong></span> 
     </span>
    </p>
   </div>
   <div class='ocr_carea' id='block_1_17' title="bbox 880 531 1447 811">
    <p class='ocr_par' dir='ltr' id='par_1_30' title="bbox 880 531 1447 811">
     <span class='ocr_line' id='line_1_57' title="bbox 880 531 1440 572; baseline -0.005 -7"><span class='ocrx_word' id='word_1_170' title='bbox 880 534 935 565; x_wconf 83' lang='lat'><strong>67.</strong></span> <span class='ocrx_word' id='word_1_171' title='bbox 963 531 1173 570; x_wconf 76' lang='lat' dir='ltr'><strong>Quamobrem</strong></span> <span class='ocrx_word' id='word_1_172' title='bbox 1197 535 1239 570; x_wconf 87' lang='lat' dir='ltr'><strong>te,</strong></span> <span class='ocrx_word' id='word_1_173' title='bbox 1265 531 1353 563; x_wconf 90' lang='lat' dir='ltr'><strong>Deus</strong></span> <span class='ocrx_word' id='word_1_174' title='bbox 1377 531 1440 572; x_wconf 79' lang='lat' dir='ltr'><strong>pie,</strong></span> 
     </span>
     <span class='ocr_line' id='line_1_58' title="bbox 1008 579 1345 619; baseline -0.003 -8"><span class='ocrx_word' id='word_1_175' title='bbox 1008 580 1134 619; x_wconf 86' lang='lat' dir='ltr'><strong>postulo</strong></span> <span class='ocrx_word' id='word_1_176' title='bbox 1160 579 1345 619; x_wconf 87' lang='lat' dir='ltr'><strong>humillime,</strong></span> 
     </span>
     <span class='ocr_line' id='line_1_59' title="bbox 960 627 1372 660; baseline -0.002 -1"><span class='ocrx_word' id='word_1_177' title='bbox 960 627 1029 659; x_wconf 87' lang='lat' dir='ltr'><strong>Cito</strong></span> <span class='ocrx_word' id='word_1_178' title='bbox 1054 628 1197 660; x_wconf 83' lang='lat' dir='ltr'><strong>mihimet</strong></span> <span class='ocrx_word' id='word_1_179' title='bbox 1221 636 1372 659; x_wconf 87' lang='lat' dir='ltr'><strong>succurre</strong></span> 
     </span>
     <span class='ocr_line' id='line_1_60' title="bbox 1008 675 1447 719; baseline 0 -13"><span class='ocrx_word' id='word_1_180' title='bbox 1008 684 1078 707; x_wconf 89' lang='lat' dir='ltr'><strong>cum</strong></span> <span class='ocrx_word' id='word_1_181' title='bbox 1102 679 1204 719; x_wconf 87' lang='lat' dir='ltr'><strong>patre,</strong></span> <span class='ocrx_word' id='word_1_182' title='bbox 1232 683 1303 706; x_wconf 90' lang='lat' dir='ltr'><strong>cum</strong></span> <span class='ocrx_word' id='word_1_183' title='bbox 1327 675 1447 716; x_wconf 92' lang='lat' dir='ltr'><strong>sobole,</strong></span> 
     </span>
     <span class='ocr_line' id='line_1_61' title="bbox 956 722 1366 755; baseline -0.002 0"><span class='ocrx_word' id='word_1_184' title='bbox 956 722 1002 755; x_wconf 74' lang='lat' dir='ltr'><strong>Et</strong></span> <span class='ocrx_word' id='word_1_185' title='bbox 1026 724 1076 755; x_wconf 92' lang='lat' dir='ltr'><strong>ovi</strong></span> <span class='ocrx_word' id='word_1_186' title='bbox 1102 724 1196 755; x_wconf 87' lang='lat' dir='ltr'><strong>nimis</strong></span> <span class='ocrx_word' id='word_1_187' title='bbox 1219 722 1366 755; x_wconf 86' lang='lat' dir='ltr'><strong>infirmae</strong></span> 
     </span>
     <span class='ocr_line' id='line_1_62' title="bbox 1004 770 1370 811; baseline 0 -9"><span class='ocrx_word' id='word_1_188' title='bbox 1004 771 1141 811; x_wconf 88' lang='lat' dir='ltr'><strong>gratiam</strong></span> <span class='ocrx_word' id='word_1_189' title='bbox 1162 772 1229 811; x_wconf 74' lang='lat' dir='ltr'><strong>J&#39;am</strong></span> <span class='ocrx_word' id='word_1_190' title='bbox 1254 770 1370 803; x_wconf 80' lang='lat' dir='ltr'><strong>tribue.</strong></span> 
     </span>
    </p>
   </div>
   <div class='ocr_carea' id='block_1_18' title="bbox 876 855 1446 897">
    <p class='ocr_par' dir='ltr' id='par_1_31' title="bbox 876 855 1446 897">
     <span class='ocr_line' id='line_1_63' title="bbox 876 855 1446 897; baseline -0.002 -8"><span class='ocrx_word' id='word_1_191' title='bbox 876 857 930 891; x_wconf 87' lang='lat'><strong>68.</strong></span> <span class='ocrx_word' id='word_1_192' title='bbox 957 855 1018 897; x_wconf 85' lang='lat' dir='ltr'><strong>Da,</strong></span> <span class='ocrx_word' id='word_1_193' title='bbox 1042 865 1167 896; x_wconf 87' lang='lat' dir='ltr'><strong>precor,</strong></span> <span class='ocrx_word' id='word_1_194' title='bbox 1193 858 1226 889; x_wconf 89' lang='lat' dir='ltr'><strong>in</strong></span> <span class='ocrx_word' id='word_1_195' title='bbox 1250 859 1283 887; x_wconf 87' lang='lat' dir='ltr'><strong>te</strong></span> <span class='ocrx_word' id='word_1_196' title='bbox 1309 856 1446 888; x_wconf 88' lang='lat' dir='ltr'><strong>clamare</strong></span> 
     </span>
    </p>
   </div>
   <div class='ocr_carea' id='block_1_19' title="bbox 957 903 1492 1127">
    <p class='ocr_par' dir='ltr' id='par_1_32' title="bbox 957 903 1492 1127">
     <span class='ocr_line' id='line_1_64' title="bbox 1004 903 1407 946; baseline -0.002 -10"><span class='ocrx_word' id='word_1_197' title='bbox 1004 904 1109 944; x_wconf 85' lang='lat' dir='ltr'><strong>Abba,</strong></span> <span class='ocrx_word' id='word_1_198' title='bbox 1135 908 1238 945; x_wconf 83' lang='lat' dir='ltr'><strong>pater,</strong></span> <span class='ocrx_word' id='word_1_199' title='bbox 1261 903 1407 946; x_wconf 88' lang='lat' dir='ltr'><strong>Domine,</strong></span> 
     </span>
     <span class='ocr_line' id='line_1_65' title="bbox 957 951 1492 993; baseline 0.002 -10"><span class='ocrx_word' id='word_1_200' title='bbox 957 951 1026 983; x_wconf 86' lang='lat' dir='ltr'><strong>Nec</strong></span> <span class='ocrx_word' id='word_1_201' title='bbox 1053 961 1115 984; x_wconf 91' lang='lat' dir='ltr'><strong>non</strong></span> <span class='ocrx_word' id='word_1_202' title='bbox 1141 955 1237 993; x_wconf 87' lang='lat' dir='ltr'><strong>atque</strong></span> <span class='ocrx_word' id='word_1_203' title='bbox 1260 952 1339 985; x_wconf 81' lang='lat' dir='ltr'><strong>Jesu</strong></span> <span class='ocrx_word' id='word_1_204' title='bbox 1365 952 1492 985; x_wconf 86' lang='lat' dir='ltr'><strong>Christe</strong></span> 
     </span>
     <span class='ocr_line' id='line_1_66' title="bbox 1001 1000 1400 1041; baseline 0 -10"><span class='ocrx_word' id='word_1_205' title='bbox 1001 1000 1105 1041; x_wconf 92' lang='lat' dir='ltr'><strong>simul,</strong></span> <span class='ocrx_word' id='word_1_206' title='bbox 1128 1009 1255 1040; x_wconf 83' lang='lat' dir='ltr'><strong>quaeSO,</strong></span> <span class='ocrx_word' id='word_1_207' title='bbox 1284 1000 1400 1040; x_wconf 87' lang='lat' dir='ltr'><strong>dicere,</strong></span> 
     </span>
     <span class='ocr_line' id='line_1_67' title="bbox 957 1045 1443 1090; baseline 0.004 -12"><span class='ocrx_word' id='word_1_208' title='bbox 957 1047 1038 1085; x_wconf 78' lang='lat' dir='ltr'><strong>Quin</strong></span> <span class='ocrx_word' id='word_1_209' title='bbox 1062 1050 1095 1079; x_wconf 80' lang='lat' dir='ltr'><strong>et</strong></span> <span class='ocrx_word' id='word_1_210' title='bbox 1117 1051 1160 1088; x_wconf 84' lang='lat' dir='ltr'><strong>te,</strong></span> <span class='ocrx_word' id='word_1_211' title='bbox 1187 1057 1205 1080; x_wconf 94' lang='lat' dir='ltr'><strong>o</strong></span> <span class='ocrx_word' id='word_1_212' title='bbox 1229 1045 1323 1079; x_wconf 88' lang='lat' dir='ltr'><strong>flatus</strong></span> <span class='ocrx_word' id='word_1_213' title='bbox 1348 1048 1443 1090; x_wconf 89' lang='lat' dir='ltr'><strong>alme,</strong></span> 
     </span>
     <span class='ocr_line' id='line_1_68' title="bbox 1002 1095 1329 1127; baseline -0.006 0"><span class='ocrx_word' id='word_1_214' title='bbox 1002 1103 1119 1127; x_wconf 81' lang='lat' dir='ltr'><strong>vocare</strong></span> <span class='ocrx_word' id='word_1_215' title='bbox 1141 1095 1329 1127; x_wconf 84' lang='lat' dir='ltr'><strong>humillime.</strong></span> 
     </span>
    </p>
   </div>
   <div class='ocr_carea' id='block_1_20' title="bbox 873 1180 1364 1222">
    <p class='ocr_par' dir='ltr' id='par_1_33' title="bbox 873 1180 1364 1222">
     <span class='ocr_line' id='line_1_69' title="bbox 873 1180 1364 1222; baseline -0.004 -8"><span class='ocrx_word' id='word_1_216' title='bbox 873 1182 928 1214; x_wconf 86' lang='lat'><strong>69.</strong></span> <span class='ocrx_word' id='word_1_217' title='bbox 953 1180 1006 1212; x_wconf 87' lang='lat' dir='ltr'><strong>Da</strong></span> <span class='ocrx_word' id='word_1_218' title='bbox 1030 1190 1148 1222; x_wconf 88' lang='lat' dir='ltr'><strong>amare,</strong></span> <span class='ocrx_word' id='word_1_219' title='bbox 1176 1182 1217 1214; x_wconf 90' lang='lat' dir='ltr'><strong>da</strong></span> <span class='ocrx_word' id='word_1_220' title='bbox 1241 1181 1364 1222; x_wconf 88' lang='lat' dir='ltr'><strong>timere,</strong></span> 
     </span>
    </p>
   </div>
   <div class='ocr_carea' id='block_1_21' title="bbox 953 1228 1501 1460">
    <p class='ocr_par' dir='ltr' id='par_1_34' title="bbox 953 1228 1501 1460">
     <span class='ocr_line' id='line_1_70' title="bbox 1004 1228 1385 1269; baseline 0.003 -9"><span class='ocrx_word' id='word_1_221' title='bbox 1004 1228 1046 1260; x_wconf 89' lang='lat' dir='ltr'><strong>da</strong></span> <span class='ocrx_word' id='word_1_222' title='bbox 1069 1228 1254 1269; x_wconf 82' lang='lat' dir='ltr'><strong>frequenter</strong></span> <span class='ocrx_word' id='word_1_223' title='bbox 1280 1229 1385 1261; x_wconf 87' lang='lat' dir='ltr'><strong>colere</strong></span> 
     </span>
     <span class='ocr_line' id='line_1_71' title="bbox 953 1275 1501 1317; baseline 0.004 -10"><span class='ocrx_word' id='word_1_224' title='bbox 953 1275 1091 1316; x_wconf 80' lang='lat' dir='ltr'><strong>Patrem,</strong></span> <span class='ocrx_word' id='word_1_225' title='bbox 1103 1278 1237 1317; x_wconf 88' lang='lat' dir='ltr'><strong>prolem,</strong></span> <span class='ocrx_word' id='word_1_226' title='bbox 1250 1280 1395 1309; x_wconf 85' lang='lat' dir='ltr'><strong>sanctum</strong></span> <span class='ocrx_word' id='word_1_227' title='bbox 1405 1279 1501 1317; x_wconf 86' lang='lat' dir='ltr'><strong>atque</strong></span> 
     </span>
     <span class='ocr_line' id='line_1_72' title="bbox 1002 1322 1340 1365; baseline 0 -9"><span class='ocrx_word' id='word_1_228' title='bbox 1002 1324 1043 1356; x_wconf 90' lang='lat' dir='ltr'><strong>da</strong></span> <span class='ocrx_word' id='word_1_229' title='bbox 1066 1322 1178 1357; x_wconf 82' lang='lat' dir='ltr'><strong>flatum</strong></span> <span class='ocrx_word' id='word_1_230' title='bbox 1205 1324 1340 1365; x_wconf 89' lang='lat' dir='ltr'><strong>diligere</strong></span> 
     </span>
     <span class='ocr_line' id='line_1_73' title="bbox 953 1370 1403 1416; baseline 0.004 -14"><span class='ocrx_word' id='word_1_231' title='bbox 953 1370 1036 1403; x_wconf 84' lang='lat' dir='ltr'><strong>Toto</strong></span> <span class='ocrx_word' id='word_1_232' title='bbox 1061 1372 1168 1416; x_wconf 81' lang='lat' dir='ltr'><strong>corde,</strong></span> <span class='ocrx_word' id='word_1_233' title='bbox 1194 1374 1265 1405; x_wconf 88' lang='lat' dir='ltr'><strong>tota</strong></span> <span class='ocrx_word' id='word_1_234' title='bbox 1286 1375 1403 1415; x_wconf 79' lang='lat' dir='ltr'><strong>mente,</strong></span> 
     </span>
     <span class='ocr_line' id='line_1_74' title="bbox 999 1421 1404 1460; baseline 0.007 -10"><span class='ocrx_word' id='word_1_235' title='bbox 999 1421 1067 1451; x_wconf 89' lang='lat' dir='ltr'><strong>toto</strong></span> <span class='ocrx_word' id='word_1_236' title='bbox 1091 1428 1152 1451; x_wconf 89' lang='lat' dir='ltr'><strong>nec</strong></span> <span class='ocrx_word' id='word_1_237' title='bbox 1176 1429 1239 1453; x_wconf 89' lang='lat' dir='ltr'><strong>non</strong></span> <span class='ocrx_word' id='word_1_238' title='bbox 1262 1423 1404 1460; x_wconf 84' lang='lat' dir='ltr'><strong>pectore.</strong></span> 
     </span>
    </p>
   </div>
   <div class='ocr_carea' id='block_1_22' title="bbox 870 1504 1439 1779">
    <p class='ocr_par' dir='ltr' id='par_1_35' title="bbox 870 1504 1413 1598">
     <span class='ocr_line' id='line_1_75' title="bbox 870 1504 1386 1546; baseline 0.004 -10"><span class='ocrx_word' id='word_1_239' title='bbox 870 1505 925 1537; x_wconf 85' lang='lat'><strong>70.</strong></span> <span class='ocrx_word' id='word_1_240' title='bbox 951 1504 1030 1536; x_wconf 82' lang='lat' dir='ltr'><strong>Esto</strong></span> <span class='ocrx_word' id='word_1_241' title='bbox 1054 1505 1132 1537; x_wconf 90' lang='lat' dir='ltr'><strong>mihi</strong></span> <span class='ocrx_word' id='word_1_242' title='bbox 1156 1506 1251 1538; x_wconf 83' lang='lat' dir='ltr'><strong>timor</strong></span> <span class='ocrx_word' id='word_1_243' title='bbox 1275 1506 1386 1546; x_wconf 85' lang='lat' dir='ltr'><strong>ingens</strong></span> 
     </span>
     <span class='ocr_line' id='line_1_76' title="bbox 999 1554 1413 1598; baseline 0.005 -14"><span class='ocrx_word' id='word_1_244' title='bbox 999 1555 1095 1593; x_wconf 86' lang='lat' dir='ltr'><strong>atque</strong></span> <span class='ocrx_word' id='word_1_245' title='bbox 1120 1563 1209 1586; x_wconf 87' lang='lat' dir='ltr'><strong>amor</strong></span> <span class='ocrx_word' id='word_1_246' title='bbox 1234 1554 1413 1598; x_wconf 87' lang='lat' dir='ltr'><strong>vehemens,</strong></span> 
     </span>
    </p>

    <p class='ocr_par' dir='ltr' id='par_1_36' title="bbox 950 1599 1407 1690">
     <span class='ocr_line' id='line_1_77' title="bbox 950 1599 1407 1641; baseline 0.004 -10"><span class='ocrx_word' id='word_1_247' title='bbox 950 1599 1092 1641; x_wconf 88' lang='lat' dir='ltr'><strong>Diligam</strong></span> <span class='ocrx_word' id='word_1_248' title='bbox 1117 1604 1149 1633; x_wconf 90' lang='lat' dir='ltr'><strong>te</strong></span> <span class='ocrx_word' id='word_1_249' title='bbox 1174 1602 1268 1634; x_wconf 92' lang='lat' dir='ltr'><strong>nimis</strong></span> <span class='ocrx_word' id='word_1_250' title='bbox 1293 1601 1407 1634; x_wconf 89' lang='lat' dir='ltr'><strong>timens</strong></span> 
     </span>
     <span class='ocr_line' id='line_1_78' title="bbox 996 1648 1359 1690; baseline 0.006 -11"><span class='ocrx_word' id='word_1_251' title='bbox 996 1648 1188 1690; x_wconf 86' lang='lat' dir='ltr'><strong>timeamque</strong></span> <span class='ocrx_word' id='word_1_252' title='bbox 1214 1649 1359 1690; x_wconf 83' lang='lat' dir='ltr'><strong>diligens,</strong></span> 
     </span>
    </p>

    <p class='ocr_par' dir='ltr' id='par_1_37' title="bbox 952 1694 1439 1779">
     <span class='ocr_line' id='line_1_79' title="bbox 952 1694 1439 1738; baseline 0.004 -11"><span class='ocrx_word' id='word_1_253' title='bbox 952 1694 1158 1737; x_wconf 87' lang='lat' dir='ltr'><strong>Serviamque</strong></span> <span class='ocrx_word' id='word_1_254' title='bbox 1184 1699 1439 1738; x_wconf 87' lang='lat' dir='ltr'><strong>contremiscens,</strong></span> 
     </span>
     <span class='ocr_line' id='line_1_80' title="bbox 998 1745 1405 1779; baseline 0.007 -4"><span class='ocrx_word' id='word_1_255' title='bbox 998 1745 1228 1777; x_wconf 81' lang='lat' dir='ltr'><strong>contreniscam</strong></span> <span class='ocrx_word' id='word_1_256' title='bbox 1253 1745 1405 1779; x_wconf 83' lang='lat' dir='ltr'><strong>serviens,</strong></span> 
     </span>
    </p>
   </div>
   <div class='ocr_carea' id='block_1_23' title="bbox 871 1829 1449 2112">
    <p class='ocr_par' dir='ltr' id='par_1_38' title="bbox 871 1829 1449 2112">
     <span class='ocr_line' id='line_1_81' title="bbox 871 1829 1426 1871; baseline 0.004 -9"><span class='ocrx_word' id='word_1_257' title='bbox 871 1831 925 1864; x_wconf 81' lang='lat'><strong>71.</strong></span> <span class='ocrx_word' id='word_1_258' title='bbox 951 1829 1025 1861; x_wconf 81' lang='lat' dir='ltr'><strong>Non</strong></span> <span class='ocrx_word' id='word_1_259' title='bbox 1048 1831 1216 1870; x_wconf 86' lang='lat' dir='ltr'><strong>permittas</strong></span> <span class='ocrx_word' id='word_1_260' title='bbox 1240 1840 1292 1863; x_wconf 91' lang='lat' dir='ltr'><strong>me</strong></span> <span class='ocrx_word' id='word_1_261' title='bbox 1316 1832 1426 1871; x_wconf 84' lang='lat' dir='ltr'><strong>perire</strong></span> 
     </span>
     <span class='ocr_line' id='line_1_82' title="bbox 998 1878 1393 1920; baseline 0.01 -12"><span class='ocrx_word' id='word_1_262' title='bbox 998 1886 1058 1908; x_wconf 89' lang='lat' dir='ltr'><strong>nec</strong></span> <span class='ocrx_word' id='word_1_263' title='bbox 1080 1878 1220 1919; x_wconf 86' lang='lat' dir='ltr'><strong>digneris</strong></span> <span class='ocrx_word' id='word_1_264' title='bbox 1245 1880 1393 1920; x_wconf 89' lang='lat' dir='ltr'><strong>perdere,</strong></span> 
     </span>
     <span class='ocr_line' id='line_1_83' title="bbox 952 1925 1449 1968; baseline 0.01 -13"><span class='ocrx_word' id='word_1_265' title='bbox 952 1925 1050 1964; x_wconf 76' lang='lat' dir='ltr'><strong>Quem</strong></span> <span class='ocrx_word' id='word_1_266' title='bbox 1073 1926 1240 1965; x_wconf 78' lang='lat' dir='ltr'><strong>plasmasti</strong></span> <span class='ocrx_word' id='word_1_267' title='bbox 1264 1937 1360 1959; x_wconf 87' lang='lat' dir='ltr'><strong>manu</strong></span> <span class='ocrx_word' id='word_1_268' title='bbox 1384 1928 1449 1968; x_wconf 85' lang='lat' dir='ltr'><strong>pia,</strong></span> 
     </span>
     <span class='ocr_line' id='line_1_84' title="bbox 996 1972 1356 2016; baseline 0.011 -12"><span class='ocrx_word' id='word_1_269' title='bbox 996 1972 1095 2014; x_wconf 88' lang='lat' dir='ltr'><strong>Deus,</strong></span> <span class='ocrx_word' id='word_1_270' title='bbox 1121 1983 1162 2006; x_wconf 89' lang='lat' dir='ltr'><strong>ne</strong></span> <span class='ocrx_word' id='word_1_271' title='bbox 1188 1976 1356 2016; x_wconf 84' lang='lat' dir='ltr'><strong>despicias,</strong></span> 
     </span>
     <span class='ocr_line' id='line_1_85' title="bbox 952 2019 1387 2062; baseline 0.007 -10"><span class='ocrx_word' id='word_1_272' title='bbox 952 2019 1016 2052; x_wconf 87' lang='lat' dir='ltr'><strong>Sed</strong></span> <span class='ocrx_word' id='word_1_273' title='bbox 1043 2022 1211 2062; x_wconf 86' lang='lat' dir='ltr'><strong>dignanter</strong></span> <span class='ocrx_word' id='word_1_274' title='bbox 1234 2024 1387 2056; x_wconf 87' lang='lat' dir='ltr'><strong>miserere</strong></span> 
     </span>
     <span class='ocr_line' id='line_1_86' title="bbox 999 2070 1387 2112; baseline 0.015 -13"><span class='ocrx_word' id='word_1_275' title='bbox 999 2071 1031 2100; x_wconf 71' lang='lat' dir='ltr'><strong>et,</strong></span> <span class='ocrx_word' id='word_1_276' title='bbox 1055 2070 1227 2104; x_wconf 84' lang='lat' dir='ltr'><strong>clementer</strong></span> <span class='ocrx_word' id='word_1_277' title='bbox 1250 2073 1387 2112; x_wconf 85' lang='lat' dir='ltr'><strong>respice.</strong></span> 
     </span>
    </p>
   </div>
   <div class='ocr_carea' id='block_1_24' title="bbox 870 2154 1449 2441">
    <p class='ocr_par' dir='ltr' id='par_1_39' title="bbox 870 2154 1449 2441">
     <span class='ocr_line' id='line_1_87' title="bbox 870 2154 1339 2196; baseline 0.009 -9"><span class='ocrx_word' id='word_1_278' title='bbox 870 2156 925 2188; x_wconf 81' lang='lat'><strong>72.</strong></span> <span class='ocrx_word' id='word_1_279' title='bbox 951 2154 1037 2196; x_wconf 87' lang='lat' dir='ltr'><strong>Noli,</strong></span> <span class='ocrx_word' id='word_1_280' title='bbox 1062 2157 1130 2188; x_wconf 88' lang='lat' dir='ltr'><strong>noli</strong></span> <span class='ocrx_word' id='word_1_281' title='bbox 1153 2167 1204 2190; x_wconf 90' lang='lat' dir='ltr'><strong>me</strong></span> <span class='ocrx_word' id='word_1_282' title='bbox 1231 2158 1339 2191; x_wconf 90' lang='lat' dir='ltr'><strong>delere</strong></span> 
     </span>
     <span class='ocr_line' id='line_1_88' title="bbox 996 2204 1366 2249; baseline 0.016 -15"><span class='ocrx_word' id='word_1_283' title='bbox 996 2204 1055 2235; x_wconf 87' lang='lat' dir='ltr'><strong>sed</strong></span> <span class='ocrx_word' id='word_1_284' title='bbox 1078 2214 1186 2247; x_wconf 87' lang='lat' dir='ltr'><strong>parce,</strong></span> <span class='ocrx_word' id='word_1_285' title='bbox 1212 2206 1366 2249; x_wconf 86' lang='lat' dir='ltr'><strong>piissime,</strong></span> 
     </span>
     <span class='ocr_line' id='line_1_89' title="bbox 949 2250 1412 2297; baseline 0.015 -15"><span class='ocrx_word' id='word_1_286' title='bbox 949 2250 1060 2292; x_wconf 88' lang='lat' dir='ltr'><strong>Parce,</strong></span> <span class='ocrx_word' id='word_1_287' title='bbox 1085 2262 1185 2293; x_wconf 79' lang='lat' dir='ltr'><strong>parce</strong></span> <span class='ocrx_word' id='word_1_288' title='bbox 1207 2257 1240 2287; x_wconf 80' lang='lat' dir='ltr'><strong>et</strong></span> <span class='ocrx_word' id='word_1_289' title='bbox 1264 2254 1412 2297; x_wconf 87' lang='lat' dir='ltr'><strong>defende,</strong></span> 
     </span>
     <span class='ocr_line' id='line_1_90' title="bbox 997 2300 1449 2345; baseline 0.015 -15"><span class='ocrx_word' id='word_1_290' title='bbox 997 2300 1134 2333; x_wconf 89' lang='lat' dir='ltr'><strong>clemens</strong></span> <span class='ocrx_word' id='word_1_291' title='bbox 1160 2311 1227 2344; x_wconf 80' lang='lat' dir='ltr'><strong>rex,</strong></span> <span class='ocrx_word' id='word_1_292' title='bbox 1252 2306 1284 2335; x_wconf 84' lang='lat' dir='ltr'><strong>et</strong></span> <span class='ocrx_word' id='word_1_293' title='bbox 1306 2307 1449 2345; x_wconf 84' lang='lat' dir='ltr'><strong>protege,</strong></span> 
     </span>
     <span class='ocr_line' id='line_1_91' title="bbox 948 2347 1433 2390; baseline 0.012 -11"><span class='ocrx_word' id='word_1_294' title='bbox 948 2347 1094 2390; x_wconf 89' lang='lat' dir='ltr'><strong>Protege,</strong></span> <span class='ocrx_word' id='word_1_295' title='bbox 1120 2359 1180 2382; x_wconf 89' lang='lat' dir='ltr'><strong>nec</strong></span> <span class='ocrx_word' id='word_1_296' title='bbox 1204 2360 1268 2384; x_wconf 89' lang='lat' dir='ltr'><strong>non</strong></span> <span class='ocrx_word' id='word_1_297' title='bbox 1295 2352 1433 2385; x_wconf 79' lang='lat' dir='ltr'><strong>defende</strong></span> 
     </span>
     <span class='ocr_line' id='line_1_92' title="bbox 994 2397 1435 2441; baseline 0.016 -14"><span class='ocrx_word' id='word_1_298' title='bbox 994 2397 1089 2429; x_wconf 89' lang='lat' dir='ltr'><strong>nimis</strong></span> <span class='ocrx_word' id='word_1_299' title='bbox 1112 2408 1258 2439; x_wconf 87' lang='lat' dir='ltr'><strong>pressum</strong></span> <span class='ocrx_word' id='word_1_300' title='bbox 1282 2402 1435 2441; x_wconf 88' lang='lat' dir='ltr'><strong>pondere.</strong></span> 
     </span>
    </p>
   </div>
  </div>
 </body>
</html>
