1653 2668
252 225 369 265 Maria,
396 225 452 257 lux
476 225 509 258 in
535 226 687 268 tenebris,

253 273 379 313 Regina
404 273 484 305 coeli
511 274 656 313 celebris,

251 320 369 363 Max-ia,
395 321 551 361 templum
574 321 714 360 Domini,

182 368 238 403 60.

251 416 367 457 Maria,
394 415 473 448 felix
495 416 626 460 jugiter,

250 464 354 496 Deum
377 466 511 504 portans
537 463 676 496 feliciter

251 511 296 544 Et
320 511 445 544 dulcem
471 512 593 544 lactans
621 512 764 544 dulciter.

251 559 367 600 Maria,
390 562 494 591 mater
518 560 640 604 inclita,

251 607 367 646 Man'a,
394 608 481 640 vitae
505 607 628 651 semita,

250 655 367 698 Maria,
395 655 476 689 coeli
502 656 611 696 janua,

251 703 370 736 Salutis
395 713 469 745 spes
494 703 669 744 praecipua

253 752 300 785 Et
323 752 462 792 genitrix
485 751 623 793 ingenua

251 801 360 840 Atque
384 801 475 840 virgo
503 801 670 840 perpetua.

249 848 369 891 Maria,
395 848 497 882 dulcis
525 848 664 891 domina,

251 896 368 937 Maria,
397 896 506 930 delens
533 896 675 935 erimina,

249 944 367 987 Maria,
394 944 496 977 nubes
519 944 636 988 lucida,

250 992 370 1034 Maria,
395 994 486 1034 virgo
512 992 658 1034 gravida,

251 1041 368 1083 Maria,
395 1044 491 1082 partu
515 1039 640 1079 florida,

251 1088 367 1132 Maria,
398 1089 494 1121 stella
518 1089 691 1129 splendida

250 1137 297 1169 Et
319 1140 415 1176 porta
436 1137 519 1168 lucis
544 1136 676 1177 fulgida.

251 1185 368 1227 Maria,
394 1186 490 1219 ,Iesse
514 1185 648 1228 virgula,

251 1232 367 1273 Maria,
393 1233 482 1274 pacis
511 1232 621 1273 fibula,

252 1280 388 1313 Aeterni
412 1280 497 1321 regis
524 1281 676 1321 clausula,

183 1329 239 1363 80.
252 1329 461 1362 Innocentiae
488 1328 600 1370 regula

251 1377 295 1409 Et
320 1376 486 1408 humilium
511 1377 642 1417 specula

252 1423 553 1464 Naufragorumque
580 1424 691 1458 tabula

251 1473 296 1505 Et
320 1472 445 1511 piorum
470 1472 688 1511 praeambula.

251 1520 368 1558 Maria,
394 1518 573 1561 salutifera,

181 1569 237 1601 85.
252 1568 355 1601 Stella
377 1567 477 1600 maris
501 1568 644 1608 lucigera

249 1617 294 1649 Et
318 1616 458 1656 genitrix
485 1615 608 1648 deifera

249 1664 295 1697 Et
318 1664 465 1696 sublimis
489 1672 661 1704 puerpera,

250 1713 350 1753 Virga
375 1712 468 1745 Jesse
491 1710 642 1752 florigera

250 1761 406 1801 Olivaque
431 1758 602 1793 fructifera

177 1809 294 1842 90.Et
317 1809 439 1841 nardus
465 1808 637 1841 odorifera.

250 1856 367 1897 Maria,
396 1858 462 1889 vita
485 1857 619 1897 spiritus

246 1906 292 1938 Et
316 1905 483 1938 criminum
508 1905 669 1947 interitus,

250 1953 369 1994 Maria,
395 1954 481 1987 vitae
506 1955 639 1994 reditus,

248 2002 366 2043 Maria,
392 2002 505 2035 mortis
533 2002 636 2035 exitus

176 2050 232 2084 95.
245 2050 291 2083 Et
314 2050 459 2090 paradisi
489 2051 608 2091 adituS,

247 2098 363 2141 Maria,
392 2098 518 2131 caelebs
545 2100 688 2140 coelitus,

245 2147 362 2187 Maria,
388 2147 444 2188 pia
466 2148 594 2187 penitus

181 607 237 640 65.

181 848 237 881 70.

182 1090 236 1122 75.

245 2196 291 2228 Et
315 2196 471 2236 templum
495 2196 600 2229 sancti
625 2197 767 2237 spiritus.

244 2244 363 2285 Maria,
389 2247 481 2285 pacis
506 2245 618 2277 titulus

149 2295 227 2328 100.
243 2293 287 2326 Et
311 2292 463 2325 bonitatis
491 2293 633 2326 cumulus

245 2341 490 2383 Salomonisque
513 2342 660 2382 lectulus,

244 2391 320 2424 Pius
348 2399 516 2423 caecorum
543 2390 652 2424 oculus

243 2439 286 2472 Et
309 2438 509 2472 infirmorum
540 2439 682 2474 baculus.

201 2501 222 2525 D
229 2507 241 2524 r
247 2507 260 2525 e
265 2508 281 2525 v
287 2507 299 2524 e
305 2506 317 2524 5
324 2516 330 2528 .
344 2500 390 2524 Pia.
403 2500 550 2525 Dictam‘ma.

253 369 316 401 Per
341 377 435 408 quam
461 369 546 401 salus
574 373 623 401 est
647 369 776 411 homini,

798 127 844 164 65

939 228 1055 269 Maria,
1084 226 1185 260 dulcis
1210 227 1363 268 moribus,

846 275 925 309 105.
940 275 1055 315 Maria,
1083 273 1225 315 fraglans
1249 272 1392 314 floribus,

942 322 1212 362 Superabundans
1237 320 1397 354 fructibus

940 371 985 403 Et
1009 371 1160 403 virtutum
1188 369 1351 403 odoribus.

939 418 1109 451 Terribilis
1137 417 1342 449 daemonibus

940 466 1117 506 Suavisque
1140 464 1331 505 hominibus,

846 515 924 548 110.
940 513 1134 546 Desiderata
1158 512 1315 555 gentibus,

939 561 1101 593 Decorata
1127 560 1307 603 virtutibus,

939 608 1139 641 Honoranda
1164 608 1204 640 ab
1231 608 1388 648 omnibus,

937 657 1118 691 Laudanda
1143 665 1162 687 a
1186 655 1386 696 mortalibus,

937 705 1076 745 Requies
1102 713 1122 735 a
1145 703 1319 737 laboribus

846 754 925 788 115.
942 753 1059 792 Maria,
1085 760 1155 784 sors
1181 752 1345 793 victoriae,

937 801 1054 842 Maria,
1082 800 1170 833 sinus
1195 800 1325 843 gloriae,

936 849 1055 890 Maria,
1081 847 1139 880 flos
1162 848 1351 890 munditiae,

938 897 1055 938 Maria,
1082 897 1137 929 lux
1162 896 1315 938 laetitiae,

938 945 1055 986 Maria,
1080 953 1198 985 parens
1223 944 1360 988 patriae,

843 996 924 1030 120.
937 993 1056 1034 Maria,
1083 1001 1196 1025 carens
1222 992 1320 1032 carie,

937 1041 1054 1082 Maria,
1081 1042 1194 1081 portus
1223 1040 1357 1083 gratiae,

937 1089 1054 1129 Maria,
1081 1091 1176 1129 porta
1200 1088 1331 1129 gloriae.

937 1135 1150 1171 Pulchritudo
1172 1136 1328 1178 justitiae,

938 1186 1133 1226 Angelorum
1160 1184 1305 1223 deliciae,

844 1236 924 1269 125.
937 1233 1045 1267 Mater
1070 1231 1320 1272 misericordiae,

939 1281 1000 1314 Via
1023 1284 1054 1313 et
1078 1289 1161 1314 vena
1185 1280 1307 1314 veniae.

936 1330 1192 1364 Fundamentum
1223 1328 1376 1361 ecclesiae

937 1378 1101 1418 Sedesque
1125 1376 1304 1417 sapientiae

937 1426 1117 1466 Formaque
1141 1425 1370 1457 sanctimoniae

845 1475 924 1509 130.
938 1474 984 1506 Et
1008 1474 1081 1506 aula
1104 1473 1290 1514 pudicitiae.

938 1521 1086 1554 Genitrix
1106 1520 1309 1552 innocentiae

938 1570 982 1602 Et
1008 1570 1134 1601 doctrix
1162 1567 1377 1608 parsimoniae

939 1617 1094 1657 Olivaque
1119 1616 1306 1648 clementiae

936 1666 982 1699 Et
1003 1668 1128 1705 myrtus
1152 1664 1386 1705 temperantiae

845 1715 922 1749 135.
938 1714 1086 1754 Rosaque
1107 1713 1294 1754 patientiae,

936 1760 1161 1801 Propulsatrix
1185 1761 1334 1793 miseriae

935 1810 982 1842 Et
1007 1809 1104 1841 decus
1130 1808 1336 1841 castimoniae

937 1857 1112 1898 Hostisque
1135 1856 1359 1889 immunditiae

936 1906 981 1938 Et
1005 1905 1058 1938 via
1080 1905 1311 1946 indulgentiae.

844 1954 1052 1996 140.Maria,
1080 1954 1152 1986 viae
1177 1953 1302 1995 requies

936 2001 981 2034 Et
1005 2002 1136 2035 radians
1161 2001 1324 2041 meridies,

935 2050 1145 2084 Delectabilis
1170 2049 1294 2090 species

936 2100 982 2132 Et
1005 2098 1099 2131 beata
1122 2098 1301 2139 progenies,

936 2147 1131 2180 Immortalis
1157 2146 1291 2188 effigies,

842 2197 923 2232 145.
938 2196 1124 2229 Gratiarum
1149 2195 1313 2236 congeries

935 2245 1043 2284 Atque
1067 2244 1221 2276 virtutum
1247 2244 1356 2280 series,

935 2292 1052 2336 Maria,
1076 2295 1165 2325 terra
1187 2291 1305 2325 fertilis

935 2343 1043 2381 Atque
1068 2343 1173 2374 crater
1198 2342 1370 2383 tornatilis,

933 2390 1048 2423 Murus
1072 2389 1331 2431 inexpugnabilis

840 2440 919 2474 150.
934 2439 980 2472 Et
1004 2439 1150 2472 columna
1174 2438 1356 2480 immobilis,
