1653 2668
745 117 982 152 —82—

220 221 274 252 20.
302 220 327 251 Ο
354 227 432 250 crux
454 216 532 256 ligni
557 212 724 250 ementati,

217 518 271 550 21.

216 818 273 849 22.

220 1112 277 1145 23.

221 1409 277 1441 24.

220 1704 274 1735 25.

224 1997 278 2028 26.

227 2287 281 2320 27.

299 264 432 305 Sanguis
459 264 513 295 ln'c
538 258 734 292 immaculati

348 311 498 350 Undique
522 308 568 340 sic
592 305 747 344 funditur,

302 360 327 391 Ο
355 367 432 390 crux
457 357 531 394 alta,
557 353 675 385 mundo
701 350 789 391 felix,

300 407 362 438 Per
386 408 419 435 te
439 403 491 435 via
515 401 552 433 fit
574 400 609 431 in
634 399 741 438 caelis,

347 451 410 484 Sed
436 448 514 480 mihi
544 448 726 486 degeneras.

299 518 324 550 Ο
351 525 428 548 crux
452 513 520 545 nati
545 511 698 551 crucifixi,

300 564 418 596 Contra
443 564 475 592 te
498 560 578 592 1111111
604 558 757 598 commisi,

345 610 396 641 Ex
421 616 482 648 quo
507 607 554 638 ita
575 615 626 638 me
649 606 780 646 laedas3

299 657 385 689 Crux
410 654 559 694 crudelis,
587 656 621 685 tu
646 657 678 685 te
702 653 806 693 placa,

298 703 352 735 Ad
377 705 410 734 te
436 701 536 732 clamo
561 710 640 732 voce
664 709 771 740 rauca,

345 749 461 782 Redde
485 748 564 780 mihi
587 747 699 781 filium.

300 816 344 848 Et
368 816 397 847 si
418 817 452 846 te
475 824 540 847 non
564 815 612 846 vis
638 814 769 855 placare

300 863 413 903 Neque
437 864 546 894 natum
570 862 649 894 mihi
679 862 765 903 dare,

348 911 398 943 Tu
422 919 473 941 me
497 919 605 941 secum
629 910 739 949 recipe

301 956 458 999 Crucifige
482 967 534 989 me
559 966 629 989 cum
652 966 699 996 eo,

302 1006 364 1038 Pro
390 1014 451 1045 quo
477 1005 537 1037 tibi
565 1006 634 1037 dire
658 1003 730 1046 fleo,

350 1054 465 1087 Omnes
490 1062 613 1085 mecum
641 1053 794 1095 plangite.

303 1111 371 1143 Aut
395 1119 474 1142 crux
498 1113 607 1143 natum
625 1110 703 1142 mihi
719 1111 845 1152 reddat,

302 1159 409 1199 Atque
430 1158 483 1197 jus
508 1159 633 1198 peccati
660 1159 763 1199 cedat,

351 1206 417 1245 Quo
443 1206 563 1238 audere
583 1207 718 1249 J'udicat,

301 1254 368 1286 Aut
391 1262 499 1285 secum
523 1263 575 1285 me
600 1253 774 1294 crucifiget,

302 1302 377 1334 Meo
402 1301 556 1342 sanguine
580 1311 615 1333 se
640 1303 724 1342 riget

354 1349 463 1381 Veluti
489 1349 529 1380 de
553 1348 631 1383 filio.

305 1407 329 1440 O
357 1415 435 1438 crux
460 1405 553 1438 ferox
578 1409 611 1438 et
633 1415 744 1439 amara

306 1454 369 1487 Gur
390 1463 454 1486 non
480 1454 597 1494 recipis
622 1455 656 1487 in
682 1463 739 1485 ara

349 1501 488 1534 Mariam
515 1511 583 1534 cum
608 1502 675 1534 filio
686 1502 702 1532 ¹.-

305 1549 492 1592 Requiesco,
520 1550 548 1581 si
573 1559 624 1582 me
650 1548 748 1589 capis,

303 1598 336 1630 Si
359 1606 410 1629 1116
434 1598 571 1637 spernis,
599 1601 633 1630 tu
657 1606 708 1629 me
734 1597 837 1629 tradis

349 1645 483 1677 Mortali
508 1645 676 1685 supplicio.

303 1702 414 1735 Crucis
441 1701 561 1742 lignum
585 1712 649 1734 non
665 1702 849 1742 respondet,

303 1749 388 1781 Mihi
414 1749 505 1780 dolor
529 1749 629 1789 magis
660 1748 799 1791 frondet,

350 1797 472 1836 Quanto
495 1797 596 1838 magis
622 1796 787 1839 supplico3

304 1845 413 1876 Meum
439 1852 496 1883 ego
523 1844 676 1883 desolata,

303 1891 398 1923 Dulci
426 1891 518 1930 prole
543 1891 684 1931 viduata,

352 1938 473 1971 Filium
499 1939 646 1979 respicio.

305 1995 408 2027 Natus
434 2004 522 2026 meus
547 2005 625 2027 voce
649 2004 747 2028 rauca

305 2043 464 2075 Anxiatus
487 2052 551 2074 non
573 2043 641 2082 jam
663 2052 766 2083 pauca

357 2090 499 2122 Clamat:
525 2089 595 2130 Ego
619 2091 710 2129 sitiog

307 2137 398 2169 Tunc
420 2136 528 2168 Maria
554 2138 687 2170 clamat:
715 2137 802 2177 licus,

306 2184 390 2215 Num
417 2186 465 2215 est
489 2184 541 2215 hic
565 2184 650 2216 filius
674 2193 774 2224 meus,

354 2231 413 2270 Qui
438 2231 485 2262 sic
507 2240 603 2263 rauce
627 2231 792 2272 loquitus?

309 2286 382 2319 Non
406 2288 529 2326 petenti
553 2297 683 2327 possum
709 2288 788 2320 dare

307 2333 418 2373 Neque
441 2338 550 2373 potum
575 2336 767 2375 ministrare,

354 2381 417 2414 Gor
441 2382 487 2412 sic
511 2391 616 2413 meum
639 2383 791 2422 moritur;

902 371 958 402 28.

904 672 958 703 29.

904 968 959 1000 30.

906 1264 961 1297 31.

907 1561 962 1593 32.

908 1855 963 1886 33.

909 2148 964 2179 34.

983 207 1109 241 Clamo:
1135 209 1225 245 Jesu,
1250 208 1325 237 nate
1350 204 1412 244 pie,

983 256 1007 288 O
1035 255 1127 287 dulce
1151 254 1198 286 fili
1222 253 1358 294 Mariae,

1033 301 1097 334 Cur
1121 304 1256 333 matrem
1281 309 1344 332 non
1371 294 1531 337 respicis?

984 367 1124 399 Matrem
1149 370 1236 399 tuam
1263 366 1449 403 desolatam,

984 415 1069 446 Vero
1094 414 1214 445 lumine
1238 413 1396 452 privatam

1033 461 1097 493 Gur
1121 470 1184 492 non
1208 468 1277 491 eam
1302 458 1461 498 respicis?

982 509 1079 547 Audi,
1107 510 1200 547 pater
1225 507 1300 547 alte,
1328 506 1392 546 pie,

985 555 1084 587 Verbi
1107 557 1203 595 pater
1225 556 1258 585 et.
1279 553 1417 594 Mariae,

1034 603 1095 634 Tui
1120 605 1255 634 matrem
1282 601 1428 634 deseris?

987 669 1128 701 Verbum
1153 672 1241 701 tuum
1266 669 1476 711 incarnatum,

985 717 1036 749 De
1058 717 1164 749 Maria
1189 720 1402 757 procreatum,

1036 766 1100 799 Gur
1124 765 1172 797 sic
1195 764 1264 805 pati
1288 764 1435 804 pateris?

986 813 1078 845 Istud
1098 822 1162 845 non
1186 815 1236 845 est
1260 812 1392 845 verbum
1415 822 1485 853 ave,

988 861 1080 900 Quod
1102 860 1263 893 mandasti
1285 863 1351 892 tam
1375 870 1473 892 suave

1033 908 1185 941 Gabriele
1209 908 1329 943 nuntio,

987 965 1119 1005 Quando
1143 966 1233 998 vides
1259 965 1394 997 verbum
1418 966 1486 1005 pati

986 1013 1057 1045 Nec
1080 1013 1240 1046 succurris
1265 1013 1378 1052 poenis
1403 1014 1481 1053 nati,

1035 1062 1060 1094 O
1089 1062 1170 1093 dura
1196 1062 1408 1103 compunctio,

990 1110 1052 1142 Uor
1076 1109 1204 1141 Mariae
1228 1111 1294 1140 ‘tam
1318 1107 1485 1149 afflictum,

987 1157 1018 1189 A
1043 1159 1076 1188 te
1100 1159 1194 1197 patre
1220 1156 1408 1188 derelictum

1035 1205 1175 1237 Moritur
1198 1213 1258 1245 pro
1283 1203 1360 1236 filio.

989 1262 1013 1295 O
1042 1262 1144 1294 dulcis
1169 1261 1226 1303 fili,
1252 1270 1326 1301 spes
1350 1271 1432 1302 mea,

988 1309 1097 1342 Mater
1121 1313 1176 1342 tua
1200 1318 1280 1349 sum,
1308 1318 1379 1341 cum
1406 1319 1442 1341 ea

1036 1357 1138 1397 Loqul
1168 1358 1265 1390 debes
1291 1357 1469 1398 modicum3

990 1406 1040 1437 Tu
1063 1414 1114 1437 me
1140 1406 1237 1438 debes
1264 1405 1428 1437 exhortari

990 1454 1040 1485 Ac
1064 1462 1116 1485 me
1143 1453 1238 1494 digne
1264 1453 1431 1494 consolari,

1038 1501 1082 1534 Ut
1107 1511 1170 1534 uon
1195 1501 1331 1541 perdam
1355 1501 1512 1541 spiritum.

993 1559 1092 1591 Video
1118 1562 1160 1601 te,
1187 1561 1271 1598 nate,
1298 1559 1389 1599 mori,

991 1605 1145 1646 Subjaces
1170 1607 1282 1639 mortis
1307 1607 1448 1649 tremori,

1037 1654 1171 1686 Possum
1195 1662 1257 1686 nec
1280 1657 1314 1685 te
1337 1657 1488 1695 tangere3

991 1701 1076 1733 Nate
1101 1702 1214 1743 dulcis,
1240 1702 1396 1734 miserere

990 1748 1106 1780 Matris
1130 1758 1193 1781 non
1219 1750 1374 1782 cessantis
1399 1750 1477 1782 flere

1037 1795 1108 1827 Nec
1132 1797 1265 1829 sinentis
1290 1798 1454 1838 plangere.

991 1851 1026 1884 Si
1052 1855 1086 1883 tu
1110 1853 1240 1894 migras,
1268 1855 1338 1894 quis
1360 1855 1535 1896 supplebit,

990 1899 1035 1931 Et
1059 1900 1129 1940 quis
1155 1905 1249 1933 natus
1270 1902 1349 1934 mihi
1372 1904 1432 1935 erit
1443 1905 1458 1934 2³

1037 1947 1192 1981 Desolata
1214 1950 1352 1993 morior3

991 1994 1054 2027 Sed
1079 1996 1265 2037 priusquam
1288 1998 1446 2040 moriaris,

990 2042 1126 2082 Aliquid
1152 2044 1231 2077 mihi
1255 2045 1409 2087 loquaris,

1037 2089 1150 2122 Dulcis
1173 2091 1231 2133 fili,
1260 2093 1427 2133 deprecor.

991 2146 1095 2179 Filius
1120 2151 1197 2181 tunc
1220 2149 1405 2191 inclinatur,

991 2195 1046 2226 Ad
1069 2196 1209 2229 Mariam
1234 2200 1268 2229 et.
1289 2198 1405 2233 affatur

1038 2242 1110 2275 Tali
1137 2245 1347 2286 dulciloquio:

992 2289 1016 2321 O
1043 2294 1145 2323 mater
1173 2293 1274 2325 dulcis
1297 2294 1415 2335 Maria,

991 2336 1088 2377 Virgo
1115 2349 1206 2383 pura,
1235 2340 1325 2381 virgo
1350 2343 1416 2383 pia,

1039 2385 1177 2419 Tantum
1200 2388 1266 2419 noli
1291 2388 1455 2431 plangere.
