1653 2668
751 141 1013 177 —194-

259 245 290 277 5.
318 243 459 286 Salve,
486 252 541 274 vas
565 240 740 273 suavitatis,

362 290 547 323 Bernharde
569 286 730 328 mellifluo,

317 338 361 370 Es
388 338 421 370 in
446 336 572 377 scriptis
599 335 699 366 dulcis
721 334 809 374 satis,

366 385 473 418 Vincis
496 384 558 416 mel
585 382 769 422 dulcedine,

315 433 361 465 Te
381 433 433 472 qui
453 432 539 473 legit,
567 430 738 471 experitur,

363 480 404 512 Sc
428 482 570 520 gustasse
594 477 713 517 suavia,

315 526 431 559 Sensus
457 527 523 566 ejus
548 525 700 565 aperitur,

360 573 404 605 Et
428 574 586 606 exsultant
609 573 741 606 viscera.

260 651 290 682 6.
317 649 439 682 Pietate
462 648 627 681 redimitus

362 696 408 728 Es
430 697 581 729 virtutum
606 695 765 736 scrInium,

316 741 526 785 Naufraganti
550 744 665 783 pandis
689 743 776 782 litus,

363 791 430 823 Iter
453 791 610 831 praebens
635 790 764 831 regium,

319 838 425 871 Durus
451 839 592 878 corporis
618 839 787 878 castigator

364 885 508 919 Subdens
532 886 591 918 hoc
617 886 753 926 spiritui,

319 933 516 974 Disciplinae
541 942 573 965 es
597 936 718 965 amator

366 980 455 1013 Nihil
480 980 590 1013 ferens
614 981 696 1014 vitii.

259 1057 290 1089 7.
316 1056 429 1089 Curam
454 1057 537 1097 geris
561 1057 754 1097 pastoralem

364 1103 476 1136 Multis
503 1113 572 1136 cum
595 1103 768 1144 laboribus,

315 1150 440 1192 Verbis,
466 1151 559 1183 factis
586 1150 746 1183 efficacem

366 1198 489 1231 Reddis
513 1201 545 1230 te
568 1199 602 1230 in
626 1198 780 1238 omnibus,

323 1245 368 1278 Es
393 1245 533 1278 lucrator
553 1246 736 1286 animarum,

367 1292 486 1326 Multos
511 1294 627 1325 mundo
653 1293 822 1337 subtrahis,

319 1340 373 1372 Ad
398 1342 530 1373 salutem
555 1341 687 1373 tendens
711 1341 822 1373 harum

367 1387 428 1420 Dei
451 1389 549 1420 verbo
573 1387 688 1422 reficis

264 1465 294 1497 8.
320 1465 368 1496 Tu
395 1464 499 1496 fidelis
523 1467 633 1504 pastor
658 1473 728 1496 eras

369 1510 466 1543 Ovem
490 1514 620 1552 portans
645 1512 793 1550 humeris,

320 1558 532 1599 Temetipsum
559 1559 765 1599 impendebas

369 1605 507 1639 Obvians
532 1607 700 1647 periculis3

323 1653 347 1686 O
373 1657 472 1695 pater,
499 1654 557 1686 sub
582 1657 615 1686 te
640 1654 747 1687 vivere

367 1701 482 1733 Tutum
507 1702 602 1734 valde
625 1701 738 1745 fuerat,

322 1748 415 1792 Nam,
440 1750 494 1789 qui
520 1750 664 1791 decessit,
690 1750 792 1782 libere

366 1797 494 1829 Goelum
517 1806 589 1829 mox
615 1799 850 1831 conscenderat.

266 1873 297 1904 9.
320 1871 477 1916 Gaude,
503 1875 595 1913 pater
619 1874 765 1915 gloriose,

370 1919 432 1952 Dei
455 1919 552 1952 fultus
578 1921 689 1962 gratia,

324 1966 406 1999 Nam
430 1969 563 2000 virtutes
589 1969 734 2009 copiosae

373 2014 467 2048 Facis
493 2018 525 2047 et
547 2017 704 2058 prodigia,

326 2061 469 2095 Nardum
492 2066 579 2095 tuum
604 2063 712 2096 fundis
737 2065 812 2105 late,

375 2109 482 2143 Bonus
507 2112 586 2144 odor
610 2113 738 2155 saeculi,

331 2157 429 2190 Totus
454 2158 591 2199 flagrans
617 2160 750 2192 caritate

377 2205 438 2238 Dei
463 2209 558 2247 atque
581 2208 728 2248 proximi.

251 2280 304 2312 10.
330 2280 382 2313 Ad
408 2282 537 2314 odorem
561 2286 669 2316 tantae
693 2284 786 2317 nardi

378 2328 583 2363 Confluebant
604 2332 726 2372 populi,

335 2375 435 2416 Caeci,
461 2379 560 2420 surdi,
586 2380 674 2418 muti,
702 2380 808 2412 claudi

381 2424 486 2468 Atque
512 2427 716 2471 daemoniaci,

999 237 1061 269 Per
1085 238 1127 277 te,
1152 238 1255 277 pater,
1282 234 1315 266 hi
1344 236 1495 266 curantur

1042 283 1201 323 Laetique
1224 283 1381 322 abierant,

993 332 1098 364 Deum
1124 331 1256 363 laudant
1283 333 1314 362 ct
1338 330 1495 362 mirantur

1040 380 1091 412 De
1117 379 1178 419 his,
1205 387 1286 419 quae
1311 378 1488 412 audierant.

910 457 965 490 11.
993 456 1183 495 Quocunque
1207 455 1277 487 loco
1303 463 1446 494 veneraS‚

1041 503 1141 543 Opem
1167 503 1300 543 quisque
1323 500 1456 545 flagitat,

993 551 1155 590 Miranda,
1182 559 1263 590 quae
1286 552 1484 590 patraveras,

1041 598 1117 638 Quis
1144 597 1233 629 effari
1260 596 1389 630 valeat?

993 646 1124 679 Morbos
1148 654 1252 685 sanas,
1280 645 1466 684 desperatos

1042 693 1205 733 Simulque
1229 692 1410 733 freneticos,

994 741 1224 773 Discordantes
1249 739 1329 773 facis
1355 743 1462 781 gratos

1041 790 1238 829 Persequens
1263 788 1452 821 haereticos.

914 866 968 898 12.
998 865 1155 898 Columna
1180 867 1215 896 tu
1241 864 1404 905 ecclesiae,

1045 912 1163 945 Contra
1187 921 1299 953 graves
1324 912 1462 952 impetus

997 960 1194 993 Subveniens
1219 960 1395 1001 angustiae,

1044 1007 1169 1040 Gaudet
1194 1008 1295 1039 omnis
1319 1008 1465 1048 populus,

998 1056 1084 1088 Ordo
1112 1055 1368 1087 Cisterciensium

1046 1102 1172 1135 Gaudet
1199 1103 1262 1134 tuis
1287 1103 1419 1144 meritis,

999 1150 1252 1190 Cunctorumque
1276 1150 1493 1182 claustralium

1043 1198 1126 1230 Vota
1149 1207 1309 1238 nunquam
1336 1198 1483 1238 despicis.

919 1275 973 1307 13.
1003 1274 1122 1314 Vale,
1148 1276 1241 1313 pater
1265 1275 1457 1315 venerande,

1046 1321 1202 1354 Mundum
1227 1321 1323 1354 istum
1350 1322 1509 1364 deserens,

1000 1369 1118 1402 Plenus
1137 1377 1267 1401 manens
1293 1370 1379 1401 omni
1402 1370 1508 1412 laude,

1046 1416 1176 1448 Pondus
1202 1417 1305 1448 carnis
1330 1426 1457 1458 exuens,

1002 1463 1091 1496 Sicut
1114 1464 1234 1496 nardus
1258 1463 1383 1505 fragrat
1406 1465 1481 1508 late,

1046 1511 1203 1544 Mundum
1227 1512 1311 1543 hunc
1335 1513 1518 1552 repleveras

1002 1559 1047 1591 Et
1071 1559 1112 1591 ad
1137 1559 1251 1599 Deum,
1277 1562 1371 1599 pater
1391 1561 1486 1601 alme,

1048 1606 1181 1647 Semper
1205 1607 1423 1641 anhelaveraS.

918 1682 973 1716 14.
1000 1683 1094 1715 Vitae
1116 1685 1190 1715 tuae
1218 1683 1376 1723 complens
1403 1692 1526 1716 cursum

1043 1730 1089 1762 Es
1114 1731 1249 1771 adeptus
1271 1731 1414 1772 gloriam,

1003 1777 1221 1810 Conscendisti
1245 1780 1383 1810 montem
1407 1788 1530 1811 sursum

1048 1826 1101 1858 Ad
1126 1826 1254 1866 plenam
1278 1826 1453 1867 scientiam,

1002 1872 1052 1905 De
1076 1873 1193 1906 mundo
1218 1874 1280 1906 isto
1305 1874 1417 1918 sterili,

1051 1921 1109 1960 Qui
1133 1921 1248 1961 plenus
1278 1924 1326 1953 est
1349 1931 1504 1964 moerore,

1003 1969 1057 2001 Ad
1080 1968 1183 2001 Deum
1207 1967 1315 2001 fructu
1339 1968 1439 2002 fertili

1055 2017 1248 2050 Conscendis
1274 2026 1343 2049 cum
1369 2018 1497 2051 honore.

924 2094 979 2127 15.
1004 2092 1153 2125 Profecto
1177 2102 1262 2125 nunc
1286 2095 1446 2134 potentior

1057 2141 1185 2174 intrans
1209 2142 1244 2174 in
1267 2143 1436 2184 potentias,

1012 2189 1061 2221 Ad
1085 2189 1321 2229 impetrandum
1346 2191 1477 2231 gratior,

1058 2237 1158 2276 Quam
1182 2239 1216 2269 in
1239 2238 1336 2270 terris
1360 2237 1478 2279 fueras,

1011 2285 1058 2317 Te
1082 2294 1101 2317 a
1123 2286 1241 2318 mundo
1257 2286 1319 2318 hoc
1344 2287 1502 2320 sublatum

1057 2334 1217 2374 Plangunt
1241 2343 1348 2367 omnes
1373 2336 1493 2375 populi.

1010 2381 1052 2413 Et
1078 2382 1120 2414 ad
1146 2383 1251 2414 coelos
1275 2385 1308 2414 te
1332 2384 1488 2416 translato

1059 2429 1281 2464 Jucundantur
1307 2431 1421 2471 angeli.
