1653 2668
678 100 941 135 —232—

166 204 220 237 33.
247 202 348 235 Vocas
373 201 467 240 viros,
494 200 640 231 mulieres
851 196 907 229 41.
931 195 1018 228 Ecce
1042 194 1089 225 sic
1112 194 1262 226 transivit
1282 193 1388 233 justus

292 249 457 291 Moniales,
482 246 660 286 monachos,
980 242 1035 275 Ad
1060 245 1222 274 aeternam
1246 241 1391 281 gloriam,

251 297 350 337 Optas
375 296 435 328 tibi
458 294 641 335 coaequales
935 290 1048 323 Pravis
1074 291 1128 330 qui
1151 298 1215 321 non
1240 292 1287 321 est
1313 290 1445 321 adustus

295 344 395 377 Simul
419 351 526 375 omnes
551 342 697 382 populos.
979 339 1049 370 Nec
1074 338 1234 372 contraxit
1256 338 1425 371 maculam.

166 404 224 435 34.
252 402 379 435 Cunctis
403 400 561 440 impendis
586 399 747 440 virtutem,
848 398 904 431 42.
930 396 985 428 Ad
1010 395 1230 435 sepeliendum
1256 395 1319 427 viri

297 449 469 481 Caritatem
493 446 636 487 singulis,
978 444 1130 476 Sanctum
1163 443 1282 475 adsunt
1303 442 1476 483 splendidi,

245 497 343 528 Amas
369 504 486 534 omnes,
511 495 553 526 ad
578 494 711 525 salutem
932 491 1023 524 Tunc
1046 494 1120 530 post
1144 499 1247 531 neque
1272 493 1347 522 ante
1371 490 1431 522 visi

293 544 395 583 Quare
416 543 523 582 plures
549 542 693 580 attrahis,
976 539 1022 572 Et
1046 539 1219 571 creduntur
1243 539 1358 578 angeli,

168 603 222 634 35.
249 600 342 632 Nunc
367 599 519 638 docendo,
545 598 771 640 praedicando,
847 598 904 631 43.
928 596 992 635 Eja
1015 604 1101 628 nunc
1124 593 1204 627 felix
1227 596 1362 636 Juvavo,

296 647 423 680 Orando
448 646 585 686 assidue,
979 643 1098 676 Civitas
1123 643 1277 680 laetitiae,

245 696 357 727 Temet
379 694 483 734 ipsum
506 694 707 733 macerando,
928 691 1090 724 Redolens
1113 690 1171 723 tali
1195 694 1341 731 patrono,

294 742 486 782 Castigando
511 741 661 781 undique.
975 739 1078 771 Tanto
1105 740 1229 770 clarens
1253 738 1382 770 lumine.

165 802 219 833 36.
246 799 328 832 Inde
350 799 541 839 prophetiae
565 798 698 839 gradum
846 798 901 830 44.
927 795 1023 828 Felix
1043 796 1141 828 turba
1158 795 1357 828 Bavarorum

291 846 437 879 Meruisti
462 846 609 887 pleniter,
975 844 1036 876 Tui
1060 843 1163 884 patris
1188 844 1331 876 oramine

242 894 374 926 Beatum
400 903 460 935 quo
484 892 578 925 finem
604 896 693 924 tuum
926 891 971 923 Et
992 892 1128 931 populus
1154 890 1346 923 Noricorum

290 941 485 974 Praedixisti
511 940 649 973 circiter.
974 939 1054 979 EJus
1080 940 1294 979 adjuvamine.

163 1001 217 1032 37.
243 999 327 1031 Vere
349 998 481 1030 multum
509 997 702 1029 consternati
846 998 902 1030 45.
927 996 1053 1028 Laurea
1076 1004 1161 1028 nunc
1187 999 1354 1029 coronatus

293 1046 488 1078 Juvavenses
512 1044 572 1077 filii
974 1044 1013 1076 In
1037 1046 1168 1076 aeterna
1192 1044 1304 1084 gloria,

245 1093 362 1125 Sancta
386 1096 488 1124 morte
512 1092 614 1132 patris
639 1092 720 1124 tanti
925 1091 998 1123 Illic
1020 1092 1121 1124 nostri
1146 1091 1302 1124 incolatus

290 1140 511 1172 Lacrimantes
536 1140 661 1179 singuli.
973 1140 1100 1171 Memor
1124 1139 1209 1171 abde
1232 1139 1319 1172 vitia.

165 1199 219 1232 38.
245 1198 290 1229 At
324 1196 545 1230 commendans
570 1205 628 1235 spe
650 1199 788 1228 ereetum
844 1197 900 1229 46.
929 1196 1089 1229 Christum
1114 1196 1308 1228 salvatorum
1332 1198 1475 1228 nostrum

293 1245 481 1277 Noricorum
506 1244 669 1284 populum,
974 1243 1043 1275 Fac
1065 1244 1158 1275 nobis
1181 1244 1367 1284 propitium,

244 1292 381 1325 Multum
394 1291 655 1331 Salzburgensem
670 1292 788 1323 clerum
928 1291 959 1322 A
983 1291 1153 1323 mundanis
1179 1300 1234 1323 cor
1258 1295 1398 1324 erectum

293 1339 436 1372 Creatori
460 1340 608 1378 omnium,
976 1338 1218 1371 Contemnamus
1243 1341 1415 1372 saeculum.

164 1398 221 1430 39.
246 1396 500 1438 Eligendumque
525 1396 662 1428 Vitalem
845 1397 902 1429 47.
928 1395 1025 1427 Malis
1050 1395 1168 1428 nostris
1193 1405 1235 1428 ne
1261 1396 1404 1436 depressi

293 1444 513 1476 Successorem
539 1444 672 1484 censuis,
974 1443 1101 1476 Praeda
1125 1443 1223 1476 simus
1248 1445 1402 1486 hostibuS,

247 1491 786 1532 Nonfrustracommendanstalem,
930 1490 982 1522 Ex
1006 1492 1068 1523 hae
1094 1500 1190 1524 carne
1216 1491 1274 1524 sed
1298 1493 1417 1533 egressi

291 1539 359 1571 Deo
385 1537 493 1571 flatum
520 1539 633 1571 exeriS.
976 1539 1097 1579 Jungas
1122 1540 1241 1571 sanctis
1267 1541 1423 1573 omnibus,

165 1597 220 1629 40.
242 1595 342 1628 Plane
366 1605 459 1628 voces
485 1597 668 1636 angelorum
846 1597 901 1629 48.
926 1595 1090 1628 Exuturos
1116 1605 1241 1629 carnem
1269 1600 1356 1629 certe

293 1644 441 1676 Animam
466 1641 635 1675 ferentium
975 1640 1110 1689 [Hujus]
1136 1644 1222 1677 vitae
1240 1648 1315 1685 post
1331 1654 1472 1686 examen,

245 1691 284 1724 111
309 1691 478 1724 coelestem
501 1691 667 1724 beatorum
927 1691 996 1723 Nos
1020 1694 1136 1735 tecum,
1161 1696 1273 1724 sancte
1295 1692 1473 1734 Radberte,

296 1738 538 1771 Sacrosanctum
561 1748 744 1771 numerum:
975 1739 1058 1782 Duc,
1085 1748 1216 1772 amoene
1232 1741 1336 1780 pater.
1360 1740 1474 1773 Amen.

241 1803 312 1832 Cim.
330 1805 485 1832 Monacen.
508 1803 558 1839 (ol.
579 1804 738 1839 Andeeenl.
766 1802 851 1833 3012.
880 1813 956 1833 saec.
978 1803 1024 1832 15.
1043 1804 1079 1831 A.
1098 1819 1134 1823 —
1156 1804 1230 1832 clm.
1249 1805 1404 1834 Monacen.
1423 1805 1474 1840 (ol.

162 1843 308 1879 Tegurin.)
334 1842 367 1870 19
376 1840 439 1870 354.
467 1843 500 1871 B.
527 1858 566 1862 —
592 1842 672 1870 Orat
699 1852 752 1871 ms.
780 1842 1009 1871 Unterdorfense
1039 1850 1116 1870 saec.
1149 1841 1193 1871 15.
1223 1843 1295 1871 Clm.
1321 1844 1474 1873 Monac-en.

163 1878 246 1908 7815.
269 1881 300 1909 G.
326 1896 363 1900 --
390 1880 458 1909 Cod.
479 1881 642 1909 Londinen.
662 1882 711 1914 (cl.
730 1881 922 1916 Buxhemen.)
947 1881 1020 1908 Add.
1047 1878 1149 1909 33438
1175 1883 1245 1909 anni
1268 1879 1350 1909 1499.
1371 1883 1409 1911 D.
1436 1898 1476 1902 —

166 1917 239 1953 1,1
264 1919 308 1946 Mi
333 1922 434 1947 sancte
457 1920 495 1947 D.
522 1936 559 1940 —
585 1919 644 1948 Str.
671 1919 689 1948 5
714 1920 762 1947 bis
788 1918 826 1948 34
850 1920 950 1947 fehlen
969 1919 1001 1947 G.
1023 1935 1061 1940 -—
1081 1917 1115 1953 6,
1143 1917 1161 1947 2
1179 1920 1235 1947 Dis
1261 1921 1473 1958 misericordia,

163 1957 335 1984 vermutlich
360 1960 431 1984 statt
456 1958 514 1986 Dei
540 1958 753 1992 misericordia,
781 1957 1044 1986 missverstandene
1071 1958 1200 1995 Bildung
1225 1958 1302 1986 nach
1329 1945 1476 1997 Analogia²

163 2003 222 2021 von
241 1996 346 2023 mei=
355 1997 418 2023 mis
439 1997 548 2024 Dei=
556 1997 622 2024 Dis.
643 2011 680 2016 —
705 1995 731 2030 7,
752 1994 770 2024 3
790 1996 894 2024 Almae
914 2004 986 2032 opus
1006 1997 1042 2024 A.
1062 2011 1100 2014 —
1121 1995 1192 2032 9,1
1214 1997 1263 2025 Ita
1281 1997 1361 2025 fama
1379 1998 1417 2025 D.
1437 2014 1477 2018 —

164 2030 201 2097 9ἐ
223 2031 242 2060 2
268 2041 282 2060 s
283 2036 420 2070 pai-gerat
442 2035 477 2062 A.
505 2051 542 2054 —
569 2032 662 2068 12,1
687 2035 764 2063 Mali
789 2034 897 2063 cedunt
913 2035 952 2063 1).
978 2049 1017 2055 —
1049 2033 1099 2068 15,
1125 2033 1144 2063 3
1164 2035 1364 2064 Barbarorum
1382 2037 1418 2064 A.
1438 2053 1477 2058 —

211 2070 258 2105 ,4
275 2071 369 2099 Mittit
386 2072 424 2099 D.
445 2087 479 2092 —
504 2071 548 2108 17,
572 2072 587 2100 1
607 2074 798 2109 praemittens
819 2073 855 2099 D.
876 2088 914 2092 —
936 2071 978 2107 17,
1003 2071 1021 2101 3
1044 2076 1113 2109 post
1131 2074 1188 2101 hoc
1206 2074 1242 2101 A.
1262 2089 1302 2095 —
1321 2073 1367 2110 21,
1389 2072 1407 2103 3
1427 2076 1477 2104 In—

163 2111 223 2135 tras
242 2109 279 2137 D.
298 2125 337 2129 —-
357 2107 402 2143 23,
424 2108 442 2138 3
463 2114 581 2139 aeterno
601 2111 735 2147 patreD.
755 2127 793 2131 —
813 2108 858 2145 28,
880 2109 898 2138 2
919 2113 948 2139 et
965 2111 1087 2140 fehltA.
1107 2127 1146 2132 —
1164 2109 1211 2146 48,
1233 2110 1251 2141 3
1273 2120 1359 2141 amen
1378 2116 1475 2142 tecum

165 2150 265 2174 sancte
284 2130 462 2182 A140,'Nos
481 2151 578 2177 tecum
596 2150 746 2178 Rudbcrte
764 2150 802 2177 D.
822 2165 862 2169 —-
880 2148 932 2186 48,
953 2148 974 2177 4
990 2151 1059 2178 Due
1079 2159 1165 2179 amen
1183 2153 1269 2187 pater
1291 2160 1378 2180 amen
1391 2153 1476 2181 ABG.

615 2222 676 2254 215.
716 2222 760 2255 De
781 2223 891 2255 sancta
911 2222 1010 2256 Sitha.

169 2281 198 2315 1.
224 2280 327 2324 Salve,
353 2286 463 2315 sancta
487 2282 616 2325 famula,
847 2287 878 2317 2.
904 2286 1031 2326 Egenos
1057 2289 1090 2318 et
1112 2286 1236 2319 flebiles

271 2329 370 2373 Sitha,
397 2330 472 2363 Jesu
498 2332 628 2375 Christi,
952 2333 1002 2366 De
1027 2334 1098 2367 cibo
1121 2336 1252 2379 pavisti,

223 2376 309 2415 Quae
333 2387 402 2409 cum
426 2382 494 2411 tota
517 2380 622 2412 anima
905 2382 1038 2423 Semper
1063 2383 1278 2439 elemosynam

271 2424 339 2457 Deo
362 2426 521 2466 placuisti.
