1653 2668
681 141 917 178 ,47-

138 238 194 273 15.
223 238 299 272 Sola
325 239 423 279 digna
447 240 482 272 tu
507 238 599 273 fuisti
827 241 884 276 17.
908 240 1000 274 Intus
1025 242 1172 280 mentem,
1200 248 1315 280 corpus
1340 237 1419 272 foris

268 286 371 320 Ferre
395 287 508 321 mundi
531 289 682 332 pretium,
960 289 1069 323 Crucis
1094 298 1165 321 cum
1189 288 1351 328 signaculo

223 335 428 368 Consecraris
460 336 612 369 membris
639 336 766 381 Christi,
910 337 1011 380 Muni,
1038 337 1135 380 Deus,
1163 336 1284 369 eunctis
1309 335 1407 378 horis,

271 383 360 417 Coeli
385 385 612 426 sanctuarium,
959 385 1010 418 Ne
1034 385 1159 426 peceati
1181 383 1308 418 vinculo

222 431 362 464 Mortem
386 431 480 465 nobis
505 432 667 465 abstulisti
912 434 1056 474 stringat,
1078 443 1128 465 me
1148 432 1235 465 fraus
1253 431 1455 472 temptatoris

269 480 423 513 Reddens
448 481 535 513 vitae
559 480 721 521 gaudium,
954 481 1065 515 Palam
1089 482 1141 513 vel
1165 481 1198 513 in
1225 481 1378 513 clanculo.

141 546 194 580 16.
225 546 351 579 Christe
376 548 465 590 Jesu,
490 547 538 580 fili
564 547 636 589 Dei,
830 550 884 583 18.
911 548 980 582 Tuo
1006 551 1110 580 tecum
1133 547 1269 589 genitori

271 595 393 636 Regum
419 604 478 628 rex
503 596 668 637 altissime,
957 597 1003 629 Et
1026 596 1189 629 amborum
1214 593 1335 627 flamini

224 642 442 676 Condemnate
466 652 555 677 more
579 645 637 686 rei,
911 645 1038 678 Laudes
1063 643 1248 686 angelorum
1272 642 1362 675 chori

270 691 420 724 Pendens
445 693 681 732 poenalissime,
959 693 1046 725 Dent
1071 694 1104 723 et
1128 691 1215 726 orbis
1240 690 1378 731 termini,

223 739 354 781 Precor,
380 740 533 772 miserere
557 740 619 772 mei
911 740 1048 781 Magnus
1073 748 1173 780 aeque
1199 748 1269 771 cum
1292 739 1408 771 minori

271 787 414 828 Tergens
439 787 529 820 labes
554 787 689 821 animae.
960 789 1029 820 Tuo
1054 790 1172 820 canant
1194 787 1324 819 nomini.

216 851 297 918 ῼΞείιῒ.
317 862 372 881 ms¹
394 852 557 890 Campense
577 856 647 882 anni
671 852 754 884 1462.
784 853 854 882 Cod.
869 854 1087 883 Darmstadien.
1108 851 1173 882 521.
1195 868 1231 872 -
1253 852 1279 888 9,
1300 851 1317 880 6
1336 849 1456 880 Inimici

139 899 238 928 praem
271 899 329 919 um.

612 983 660 1015 25.
680 984 724 1016 De
745 984 841 1016 Gruee
862 983 979 1016 Oratio.

252 1065 284 1099 1.
311 1064 417 1105 Salve,
444 1073 521 1097 crux
546 1067 668 1107 sancta,
695 1074 756 1106 qua
783 1064 899 1098 dantur
919 1074 1051 1098 munera
1075 1067 1177 1106 tanta,

310 1112 379 1144 Fac
402 1115 458 1145 tua
481 1121 533 1145 me
556 1113 650 1154 velle,
677 1122 759 1153 quae
782 1116 856 1145 sunt
879 1113 958 1146 mihi
982 1114 1079 1146 noxia
1101 1114 1196 1154 pelle,

311 1160 364 1193 Da
388 1160 467 1193 mihi
491 1160 652 1202 virtutem,
679 1161 803 1193 veniam
828 1169 1011 1202 pacemque,
1038 1162 1183 1202 salutem,

311 1208 392 1248 Spes
417 1208 496 1240 mihi
520 1208 651 1250 viventi,
676 1208 833 1248 protectio
859 1209 903 1241 sis
923 1210 1083 1242 morienti.

276 1281 283 1289 .
311 1256 397 1290 Crux
423 1256 516 1298 bona,
544 1265 621 1289 crux
646 1257 739 1297 alma,
767 1266 843 1289 crux
868 1256 979 1289 inclita
1003 1257 1047 1289 sis
1071 1257 1150 1289 mihi
1174 1258 1291 1300 palma,

313 1304 382 1343 Qua
406 1304 491 1337 mala
516 1313 726 1346 compescam,
753 1305 890 1337 moriens
906 1305 939 1337 in
956 1314 1037 1344 pace
1056 1305 1225 1346 quiescam.

312 1352 382 1385 Fae
405 1352 467 1385 tibi
489 1361 541 1384 me
567 1352 661 1393 digne
686 1352 847 1393 famulari,
874 1352 1000 1385 Christe
1023 1353 1170 1394 henigne,

312 1400 454 1432 Perdere
477 1410 577 1442 regna
602 1400 669 1440 poli
693 1404 729 1433 tu
754 1410 805 1433 me
828 1401 1014 1440 permittere
1038 1401 1123 1442 noli3

312 1447 360 1480 Te
385 1448 465 1480 duce
490 1449 533 1481 sis
558 1457 691 1489 mecum,
718 1449 806 1490 Jesu,
833 1457 884 1481 me
909 1449 1037 1489 suscipe
1061 1452 1176 1489 tecum,

228 1495 285 1529 10.
311 1496 350 1528 In
374 1498 408 1527 te
432 1495 584 1528 confisum
608 1505 661 1528 me
686 1497 784 1528 ducas
808 1497 851 1528 ad
875 1497 1072 1537 paradisum.

218 1561 288 1590 Cod.
308 1561 486 1590 Lambaeen.
505 1559 562 1590 463
583 1570 658 1591 saec.
682 1560 726 1590 15.

252 1256 271 1289 ΕΛ

603 1664 649 1696 26.
690 1664 734 1697 De
755 1665 866 1696 saneta
886 1664 989 1697 Gruee.

311 1745 397 1778 Crux
422 1744 500 1777 mihi
524 1744 568 1777 sit
589 1744 682 1788 risus,
711 1754 789 1777 crux
814 1745 926 1786 gloria,
954 1754 1032 1779 crux
1052 1746 1234 1790 paradisus,

314 1793 400 1827 Crux
422 1792 501 1825 mihi
528 1793 690 1825 dulcorem
716 1793 839 1827 tribuat
864 1794 1051 1835 dulcemque
1075 1803 1231 1838 saporem,

311 1841 397 1874 Crux
422 1841 500 1874 mihi
523 1840 580 1874 lux
605 1844 687 1881 orta,
714 1851 792 1874 crux
816 1841 903 1874 vitae
926 1843 970 1874 sit
992 1842 1071 1874 mihi
1090 1846 1195 1883 porta.

311 1889 396 1922 Crux
421 1890 514 1932 bona,
542 1898 620 1922 crux
645 1890 739 1931 alma,
767 1899 845 1922 crux
867 1890 980 1922 inclita
1004 1890 1047 1923 sit
1070 1890 1148 1923 mihi
1173 1892 1290 1934 palma,

311 1938 397 1971 Crux
421 1937 500 1970 mihi
524 1947 662 1980 semper,
688 1939 802 1982 Amen,
829 1938 872 1970 sit
897 1939 999 1971 virtus
1024 1941 1120 1980 atque
1140 1940 1300 1980 juvamen.

214 2005 286 2034 Cod.
305 2006 482 2034 Lambaeen.
503 2003 569 2034 476.
591 2014 666 2034 saec.
689 2003 734 2033 15.

599 2119 644 2150 27.
684 2118 727 2150 De
749 2117 853 2151 Armis
876 2118 1001 2151 Christi.

139 2199 170 2232 1.
199 2198 321 2240 Culter,
346 2199 437 2240 virga
462 2208 533 2231 cum
555 2198 693 2242 flagello,
829 2202 859 2233 2.
887 2201 1000 2234 Portat
1024 2209 1138 2241 corpus
1164 2209 1243 2234 crux
1268 2201 1372 2246 beata,

196 2248 350 2289 ForcepS,
380 2248 463 2280 clavi
490 2257 559 2280 cum
585 2248 742 2291 martello,
887 2248 956 2293 Fel,
983 2252 1108 2281 acetum
1132 2250 1304 2290 propinata

244 2296 371 2336 Manus,
397 2297 508 2338 pedeS,
534 2296 638 2330 latera
938 2297 1063 2331 Christo
1090 2301 1165 2330 sunt
1187 2297 1221 2330 in
1246 2300 1397 2340 spongia3

195 2344 332 2390 Scindit,
358 2345 464 2387 tangit
485 2345 534 2378 sie
558 2355 676 2379 corona
887 2346 983 2380 Scala
1008 2355 1135 2379 crucem
1159 2351 1301 2380 sanctam
1325 2349 1447 2393 tangit3

197 2393 316 2437 Caput3
345 2404 363 2427 o
389 2397 467 2435 quot
490 2393 582 2427 nobis
609 2394 692 2428 dona
886 2395 947 2429 Est
958 2395 1171 2438 plangendus,
1191 2397 1319 2437 quinon
1332 2398 1459 2440 plangit

241 2441 332 2476 Dant
355 2443 436 2477 haec
460 2445 516 2475 tua
541 2443 682 2477 vulnera.
936 2444 986 2477 De
1009 2444 1123 2478 horum
1148 2446 1310 2481 memoria.
