1653 2668
150 217 207 251 11.

154 421 208 454 12.

155 623 208 656 13.

156 826 209 858 14.

155 1028 210 1060 15.

157 1231 214 1263 16.

162 1434 216 1466 17.

161 1637 215 1670 18.

164 1842 217 1874 19.

166 2045 220 2077 20.

667 109 926 147 ——168—

231 215 285 248 Ad
308 218 365 247 tua
387 221 470 246 nunc
494 209 654 253 praesidia

237 262 349 296 Cordis
374 262 444 293 levo
469 258 615 298 suspiria,

233 310 330 350 Cujus
353 309 433 340 mihi
457 305 600 339 custodia

232 357 336 391 Datur
359 363 497 397 superna
519 353 631 393 gratia.

234 418 316 452 Toto
339 416 454 450 mentis
480 415 642 448 conamine

235 466 355 500 Precor
379 467 421 504 te,
446 464 557 494 sancte
580 461 701 500 angele,

237 512 283 547 Ut
306 515 361 544 tuo
386 512 443 543 sim
465 509 627 550 juvamine

237 559 372 593 Securus
397 562 428 590 et
452 557 614 589 solamine.

237 622 261 654 Ο
287 630 342 653 vos
367 627 474 652 omncs
498 618 677 658 angelorum

235 667 413 701 Conventus
438 665 717 705 sanctissimorum,

234 717 361 754 Precor,
387 717 424 746 ut
446 722 498 745 me
521 711 667 746 animetis

236 762 278 795 Et
300 763 335 794 in
355 761 437 794 bono
463 758 659 793 confortetis.

237 825 261 858 Ο
286 823 459 863 Johannes‚
485 829 601 862 praeeo
627 820 719 862 regis,

235 871 360 905 Primus
384 870 476 901 testis
500 877 602 901 novae
625 868 715 907 legis,

234 918 309 960 Fac,
343 920 379 950 ut
402 925 510 957 parem
536 916 619 948 viam
646 914 773 953 Christi,

235 966 334 1005 Quam
359 964 473 997 docere
497 963 634 996 voluisti.

237 1027 261 1060 O
288 1026 364 1058 celsi
388 1024 640 1065 patriarcharum

233 1073 367 1107 Ordines
393 1076 423 1105 et
447 1072 684 1112 prophetarum,

236 1121 334 1160 Apud
358 1121 438 1152 coeli
461 1128 567 1160 regem
594 1118 755 1153 Christum

236 1168 395 1201 Excusate
419 1176 506 1199 reum
530 1166 636 1199 istum.

240 1228 380 1270 Signifer
399 1229 624 1269 apostolorum,

236 1278 342 1320 Petre,
368 1277 517 1316 princeps
544 1278 729 1315 ceterorum,

238 1324 334 1356 Dilue
357 1332 428 1356 mea
451 1325 584 1362 peccata

239 1373 401 1404 Potestate
424 1370 482 1403 tibi
510 1371 593 1402 data.

243 1433 351 1473 Paule,
379 1433 490 1465 doctor
515 1431 669 1474 veritatis,

240 1481 312 1513 Lux
334 1480 431 1513 totius
455 1479 596 1519 pietatis,

241 1529 279 1561 In
302 1537 363 1568 me,
389 1528 417 1559 si
440 1527 559 1568 placet,
582 1527 712 1559 intende

240 1576 285 1608 Et
308 1575 459 1607 auxilium
480 1575 639 1615 impende.

241 1637 383 1679 Andrea,
411 1636 511 1669 crucis
536 1639 668 1676 amator,

240 1684 424 1717 Sanctitatis
447 1683 660 1725 praedicator,

240 1732 285 1765 Ut
307 1732 449 1764 laborem
473 1740 536 1763 non
559 1731 593 1763 in
618 1740 744 1772 vanum,

242 1778 417 1812 Laboranti
441 1782 570 1820 praesta
592 1789 727 1812 manum.

244 1841 415 1880 JohanneS,
442 1839 559 1873 Christi
585 1842 712 1883 dilecte,

244 1889 348 1929 Ipsius
373 1891 506 1921 matrem
530 1886 666 1930 inflecte,

243 1937 290 1970 Ut,
312 1936 423 1970 audiat.
444 1945 531 1968 meas
555 1945 678 1977 preces,

244 1983 375 2016 Diluens
399 1984 576 2016 immundas
602 1983 717 2018 faeces,

243 2045 359 2077 Sancte
382 2045 444 2077 Dei
465 2046 638 2089 Martialis,

244 2091 367 2125 Munda
391 2102 441 2125 me
466 2102 486 2125 a
511 2095 632 2126 cunctis
657 2094 760 2135 maIiS,

246 2140 293 2172 Ut
314 2140 430 2179 possim
457 2141 585 2180 placere
611 2142 750 2183 Christ0‚

246 2188 283 2219 ln
308 2188 394 2227 cujus
420 2191 589 2228 conspectu
613 2190 702 2225 sisto.

214 2272 220 2280 .
246 2249 391 2287 Apostoli
411 2250 489 2283 Jesu
513 2251 642 2293 Christi,

247 2295 306 2328 Cui
329 2305 384 2329 vos
410 2298 506 2330 credo
531 2299 655 2340 adsisti,

248 2345 278 2376 A
301 2345 384 2376 malo
410 2354 460 2378 me
484 2346 620 2379 liberate

249 2391 290 2422 Et
313 2391 347 2422 in
371 2391 455 2425 hono
479 2393 667 2427 confortate.

831 210 885 241 22.

832 413 888 446 23.

832 617 888 650 24.

833 821 889 854 25.

834 1025 889 1056 26.

835 1229 891 1261 27.

838 1433 891 1466 28.

838 1638 881 1670 29

840 1844 896 1877 30.

844 2048 897 2083 31.

846 2255 900 2287 32.

913 207 1084 248 Stephane,
1111 205 1235 238 culmen
1259 203 1399 244 honoris,

915 255 1039 287 Primus
1064 254 1156 286 testis
1181 252 1360 289 salvatoris,

913 302 1044 342 Adjuva
1067 310 1119 333 mc
1142 301 1351 339 laborantem,

914 351 973 390 Qui
999 349 1108 382 vidisti
1133 349 1243 382 Jesum
1268 349 1414 380 stantem.

913 411 1078 451 Laurenti,
1103 409 1198 443 fortis
1223 410 1355 449 athleta,

915 458 974 498 Qui
1000 460 1159 491 coelorum
1184 459 1275 491 vides
1300 458 1395 500 laeta,

914 506 972 538 Me
999 505 1151 539 confirma
1174 506 1205 538 in
1230 505 1353 537 virtute

915 553 960 586 Ut
983 563 1046 586 non
1070 554 1180 593 priver
1204 554 1265 585 hac
1287 553 1399 585 salute.

915 615 1074 656 Vincenti,
1100 617 1230 646 strenue
1249 615 1352 653 miles,

914 663 973 703 Qui
992 662 1032 694 de
1049 662 1175 696 Christo
1191 670 1351 702 nunqua-m
1368 661 1454 698 sileS,

913 710 1076 742 Auxilium
1101 709 1178 741 mihi
1202 711 1342 749 praesta,

915 757 965 790 Ne
989 766 1040 789 me
1065 757 1172 789 turbet
1194 766 1280 789 mors
1304 754 1432 789 infesta.

916 818 1032 851 Sancte
1056 822 1179 860 martyr
1205 828 1222 851 o
1248 818 1388 857 Quirine,

915 867 1003 906 Apta
1026 876 1077 899 me
1099 867 1164 907 legi
1188 867 1326 908 divinae,

915 915 945 946 A
972 914 1101 946 cohorte
1124 917 1159 946 tu
1183 916 1336 954 proterva

915 961 954 993 In
978 964 1141 994 aeternum
1166 970 1216 993 me
1241 969 1403 993 conserva.

918 1023 1132 1064 Chrysogone,
1159 1025 1283 1063 martyr
1307 1023 1400 1063 alme,

918 1070 1094 1103 Laureatus
1119 1070 1217 1102 ramis
1241 1070 1377 1110 palmae,

918 1118 1055 1159 Christo,
1071 1127 1199 1159 precor,
1212 1125 1262 1149 me
1276 1116 1461 1150 commenda

916 1166 1006 1198 Hora
1029 1166 1140 1199 mortis
1163 1165 1197 1197 in
1222 1165 1398 1197 tremenda.

916 1227 1012 1259 Felix
1035 1230 1159 1268 martyr
1184 1235 1201 1259 o
1229 1227 1364 1267 Castori,

917 1274 1050 1314 Semper
1071 1275 1202 1307 adstans
1229 1274 1375 1314 creatori,

919 1322 1043 1356 Praebe
1066 1323 1145 1354 mihi
1169 1322 1384 1364 sublevamen,

919 1369 1051 1409 Quando
1078 1370 1177 1403 ducar
1201 1370 1243 1402 ad
1269 1378 1412 1404 examen.

918 1432 1023 1464 Testis
1050 1432 1178 1473 Christi,
1205 1434 1315 1465 sancte
1340 1431 1423 1472 Vite,

918 1480 979 1519 Qui
1003 1480 1170 1521 complesti
1193 1480 1296 1521 legem
1321 1480 1395 1520 rite,

917 1527 989 1560 Duc
1012 1537 1063 1560 me
1087 1531 1161 1567 post
1184 1528 1268 1560 hunc
1284 1527 1457 1560 incolatum

919 1576 973 1608 Ad
995 1574 1159 1608 felicitatis
1178 1578 1307 1609 statum.

921 1638 946 1670 Ο
972 1646 1028 1671 vos
1054 1646 1160 1670 omnes
1185 1636 1315 1677 gloriosi

919 1685 1083 1725 Martyres
1106 1688 1138 1717 et
1161 1685 1303 1726 pretiosi,

917 1734 1080 1774 Adjuvate
1103 1742 1155 1764 me
1181 1733 1339 1773 captivum

921 1781 967 1813 Et
989 1783 1101 1814 sanate
1124 1780 1320 1815 semivivum.

920 1842 1092 1882 Jeronyme
1116 1842 1264 1883 gloriose,

922 1889 1088 1923 Ecclesiae
1111 1890 1274 1931 bellicose,

923 1938 984 1977 Qui
1008 1946 1174 1971 corruscas
1198 1941 1236 1970 ut
1259 1947 1386 1979 aurora,

924 1986 1008 2019 Juva
1031 1995 1083 2019 me
1106 1986 1140 2018 in
1162 1987 1275 2019 mortis
1300 1986 1390 2020 hora.

923 2048 1037 2080 Mitem
1061 2056 1111 2080 me
1136 2047 1189 2081 fae
1214 2051 1245 2080 et
1268 2048 1431 2092 humilem,

924 2095 976 2128 Da
999 2096 1145 2138 virtutes,
1172 2094 1248 2137 fuga
1271 2097 1400 2137 crimen,

925 2143 971 2176 Ut
994 2152 1118 2187 scquar,
1145 2145 1229 2177 sicut
1252 2143 1352 2186 fuisti,

926 2192 1047 2225 Callem
1079 2201 1206 2234 gressus
1231 2194 1252 2227 J
1255 2201 1310 2225 esu
1336 2191 1466 2226 Christi.

924 2253 1074 2297 Mai-tine,
1100 2263 1224 2295 gemma
1245 2257 1421 2295 pastorum,

927 2303 1076 2335 Lucerna
1099 2303 1338 2347 catholicorum,

927 2349 1002 2382 Tibi
1026 2351 1182 2392 supplico,
1210 2351 1352 2392 dignare,

928 2397 991 2430 Pro
1013 2407 1065 2430 me
1089 2398 1193 2432 Deum
1219 2407 1363 2432 exorare.
