1653 2668
183 240 240 273 83.

181 540 236 573 84.

179 838 234 870 85.

178 1137 232 1169 86.

179 1437 235 1470 87.

176 1732 231 1764 88.

177 2027 232 2060 89.

177 2322 232 2355 90.

725 138 949 173 ‚74-

266 238 371 278 Salve,
399 240 487 279 cujus
512 246 627 278 sponso
652 238 744 276 grata

263 286 377 319 Facies
402 290 435 319 et
458 295 519 319 vox
544 287 662 324 optata,

309 334 421 367 Dulcis
448 334 516 373 ejus
540 332 678 369 auribus,

262 383 349 423 Ergo
374 380 487 414 faciem
510 380 642 413 ostende

262 430 307 462 Et
331 429 361 461 ei
384 438 494 469 preces
518 427 666 468 impende

305 477 381 509 Tuis
405 486 464 517 pro
489 474 695 516 supplicibus,

264 538 367 578 Salve,
393 537 520 578 gracilis
546 539 576 568 et
599 539 687 568 recta

264 586 420 625 Virgaque
444 593 503 625 per
527 592 616 624 spem
642 586 758 623 erecta,

305 633 412 665 Odora
435 632 615 675 virtutibus,

261 680 430 712 Desertum
456 679 632 721 deseruisti,

261 728 324 760 Per
349 728 433 767 quod
458 727 587 758 summis
612 726 785 758 ascendisti

304 774 486 807 Gratiarum
509 774 672 815 gradibus.

261 836 364 876 Salve,
390 837 525 877 pulchra
550 836 636 868 velut
658 836 742 877 luna,

259 884 305 917 Ut
328 884 376 915 sol
398 885 483 916 inter
507 892 614 916 omnes
638 893 711 923 una,

306 931 492 964 Praeelecta
515 931 657 972 singulis,

260 979 344 1011 Dum
368 981 404 1011 ut
427 988 542 1011 aurora
565 979 742 1019 procedens

261 1026 363 1060 Jubar
386 1027 526 1059 tenebris
552 1027 724 1058 succedens

303 1073 484 1107 Praebuisti
508 1074 653 1106 saeculis.

260 1135 363 1176 Salve,
392 1137 542 1169 dilectum
571 1136 674 1177 enixa,

261 1183 364 1223 Super
388 1192 481 1224 quern
507 1184 631 1215 demum
655 1183 765 1214 innixa

304 1232 355 1263 Ac
375 1232 471 1271 plena
497 1231 619 1263 deliciis

256 1278 307 1310 De
333 1279 458 1311 deserto
483 1278 693 1310 conscendisti

257 1326 450 1367 Dilectoque
475 1326 646 1358 consedisti

302 1373 389 1406 Coeli
414 1372 522 1405 fruens
548 1373 682 1414 gaudiis.

262 1435 366 1473 Salve,
392 1438 495 1467 mater
520 1434 706 1467 Salomonis

261 1483 359 1522 Quem
382 1483 416 1515 in
443 1482 695 1523 desponsationis

305 1530 386 1570 Ejus
412 1533 444 1562 et
467 1531 608 1562 laetitiae

258 1578 319 1611 Die
345 1578 439 1617 digne
464 1578 622 1610 coronasti

257 1626 448 1666 Duplicique
471 1626 630 1657 decorasti

306 1673 429 1706 Corona
451 1673 616 1706 victoriae.

259 1731 362 1772 Salve,
388 1729 472 1763 lecte
496 1730 684 1769 Salomonis,

258 1778 356 1817 Quem
382 1777 496 1818 dignae
522 1776 714 1810 defensionis

305 1826 409 1859 Causa
434 1824 534 1857 fortes
560 1825 712 1868 ambiunt,

257 1873 434 1906 Orthodoxi
457 1882 542 1905 nunc
567 1874 723 1909 doctores,

255 1921 419 1961 Quondam
444 1922 550 1962 angeli
573 1924 695 1953 tutores

305 1968 461 2010 Nuncque
484 1969 544 2001 tibi
568 1969 721 2003 serviunt.

259 2025 366 2066 Salve,
391 2027 498 2066 proles
523 2027 761 2067 prophetarum,

258 2073 380 2113 Regum
406 2077 437 2106 et
460 2075 725 2114 patriarcharum,

304 2121 482 2154 Salomonis
507 2121 674 2162 ferculum,

257 2168 295 2200 1n
321 2177 381 2208 quo
409 2170 503 2210 digne
527 2179 561 2202 se
586 2170 783 2211 gestandum,

256 2217 320 2249 Per
344 2217 429 2256 quod
453 2218 506 2258 pie
528 2218 768 2250 sustentandum

305 2264 402 2297 Suum
429 2266 519 2298 duxit
543 2266 705 2306 populum.

260 2320 363 2360 Salve,
390 2323 488 2355 turris
510 2332 586 2355 vere
610 2322 712 2366 fortis,

257 2368 362 2409 Supra
384 2374 484 2404 metas
509 2374 640 2403 nostrae
662 2371 767 2410 sortis,

304 2416 403 2450 Velut
427 2428 512 2452 mors
539 2419 685 2462 dilectic13

858 695 914 728 92.

859 996 914 1028 93.

858 1296 913 1327 94.

859 1591 914 1624 95.

857 1887 911 1919 96.

858 2183 912 2216 97.

942 238 973 268 A
996 235 1114 267 mundo
1140 238 1172 266 te
1196 235 1369 277 separavit,

941 284 1039 323 Quam
1066 282 1156 314 nulla
1180 282 1370 325 debilitavit,

990 331 1130 363 Torrens
1154 330 1345 370 persecutio.

909 419 916 425 .
942 393 1047 435 Salve,
1073 392 1147 424 novi
1172 392 1354 424 testamenti

942 441 1030 473 Fons
1056 440 1185 480 ejusque
1210 439 1432 480 complementi

991 488 1156 528 condigna
1181 487 1323 530 materia,

941 536 1049 568 Mater
1073 535 1202 576 quidem
1225 535 1302 568 novi
1325 536 1421 576 regis,

941 584 979 616 In
1002 592 1063 624 quo
1087 583 1180 615 nobis
1205 591 1306 615 novae
1329 584 1409 624 legis

988 631 1081 663 Nova
1104 631 1187 662 luxit
1210 630 1323 672 gratia.

941 693 1044 735 Salve,
1071 702 1174 735 quam,
1200 695 1237 723 ut
1259 692 1469 732 praedicebat

937 742 1045 781 Atque
1067 740 1180 772 crebro
1201 740 1409 780 praecinebat

989 788 1100 821 Cantio
1124 788 1322 832 prophetica,

941 837 994 870 Sic
1016 836 1207 877 gignendum
1229 836 1283 875 pio
1308 837 1395 876 patri

940 884 1107 917 Praedixit
1131 884 1266 923 piaeque
1291 885 1387 916 matri

987 932 1046 965 Pia
1069 940 1132 963 vox
1156 931 1310 971 angelica.

942 994 1046 1035 Salve,
1073 993 1163 1033 virgo
1190 993 1393 1036 desponsata,

937 1041 1043 1074 Alteri
1068 1040 1125 1072 sed
1152 1044 1351 1083 conservata,

987 1089 1085 1128 Quem
1111 1088 1256 1120 coelestis
1282 1090 1411 1121 nuntius

941 1137 1098 1177 Sponsum
1122 1136 1183 1167 tibi
1204 1136 1372 1176 nuntiavit,

940 1185 984 1217 Et
1008 1193 1080 1216 mox
1105 1184 1279 1215 thalamum
1301 1185 1436 1217 intravit

986 1232 1077 1264 Idem
1101 1231 1163 1263 Dei
1187 1230 1283 1266 filius,

941 1293 1046 1333 Salve,
1072 1292 1144 1325 fons
1169 1293 1367 1333 humilitatis,

939 1342 1035 1381 Quae,
1061 1341 1137 1372 licet
1157 1339 1320 1373 felicitatis

987 1389 1075 1421 Tuae
1099 1388 1158 1419 tibi
1183 1388 1319 1432 conscia,

944 1437 1099 1468 Ancillam
1121 1438 1155 1467 te
1178 1436 1359 1478 nominasti,

940 1485 1038 1524 Quam
1064 1492 1185 1515 summa
1208 1492 1272 1515 non
1294 1484 1450 1525 ignorasti

988 1531 1196 1564 Sublimatam
1220 1531 1333 1571 gratia.

941 1589 1045 1632 Salve,
1071 1589 1230 1621 coelorum
1255 1597 1411 1621 sessorem

941 1638 1177 1676 Terrarumque
1199 1644 1415 1676 possessorem

987 1685 1119 1717 Pariens
1143 1684 1177 1716 in
1201 1683 1337 1724 stabulo,

937 1734 988 1765 Ac
1007 1740 1162 1772 praesepe
1182 1732 1397 1771 jumentorum

940 1780 1016 1812 Cibo
1043 1780 1148 1811 (litans
1173 1779 1356 1819 angelorum

985 1829 1093 1867 Atque
1115 1828 1202 1859 vitae
1222 1827 1350 1867 pabulo.

940 1886 1043 1927 Salve,
1069 1885 1149 1925 legis
1174 1884 1385 1927 observatrix,

940 1933 1026 1972 Quae
1050 1933 1169 1973 legales
1195 1935 1231 1964 ut
1254 1934 1419 1973 peccatrix

987 1980 1061 2013 Non
1085 1980 1206 2012 habens
1230 1981 1369 2024 piacula,

939 2028 1071 2061 Hostias
1095 2028 1165 2060 Deo
1190 2029 1318 2070 dedisti,

940 2077 980 2109 In
1003 2076 1123 2116 templo
1151 2085 1220 2108 cum
1245 2077 1390 2110 obtulisti

985 2125 1111 2164 Agnum
1136 2125 1205 2156 sine
1228 2127 1363 2159 macula.

939 2181 1045 2222 Salve,
1071 2182 1199 2214 salvans
1225 2183 1427 2227 salvatorem,

939 2229 1022 2261 Dum
1046 2229 1186 2262 Herodis
1212 2230 1252 2262 ob
1279 2240 1419 2264 errorem

986 2277 1210 2318 Persequentis
1234 2277 1345 2320 filium,

940 2326 976 2358 In
1002 2326 1186 2367 Aegyptum
1209 2325 1419 2372 transfugisti,

941 2374 1026 2407 Vere
1050 2383 1109 2414 pro
1135 2383 1243 2407 amore
1268 2374 1388 2408 Christi

985 2421 1119 2454 Subiens
1146 2423 1300 2455 exsilium„
