1653 2668
192 211 223 243 4.
251 207 348 240 Vobis
372 215 423 238 me
448 205 669 238 dedicaveram

248 256 285 288 In
310 264 435 287 servum
460 256 492 286 et
517 253 728 293 decreveram,

295 303 516 342 Memetipsum
541 300 722 341 expendere

246 352 284 384 In
311 351 432 383 devotis
457 347 569 382 officiis

245 398 290 430 Ec
315 397 428 430 debitis
453 396 610 436 obsequiis

295 446 402 477 Vestri
427 443 550 484 Deique
573 451 712 475 munere.

712 105 971 142 -234—

872 204 904 237 5.
928 203 992 237 Sed
1015 203 1049 235 in
1072 203 1182 236 morbo
1204 204 1272 244 jam
1296 203 1444 245 imbibor,

929 250 1087 283 Deficiens
1114 255 1145 283 et
1170 250 1303 292 delibor,

977 298 1012 331 Si
1035 308 1120 331 nunc
1144 299 1227 332 desit
1250 300 1443 342 remedium3

925 346 1012 388 Ergo
1039 346 1132 379 dulce
1158 347 1359 388 consortium,

931 394 1114 426 Vestrarum
1138 403 1268 435 precum
1295 396 1435 428 dulcium

976 442 1117 476 Sentiam
1141 451 1226 475 nunc
1242 444 1404 479 auxilium,

265 511 335 539 Cod.
355 510 497 538 Parisien.
526 507 607 537 1147.
632 517 708 536 saec.
736 506 781 536 15.
801 523 840 526 —
864 509 925 536 Der
945 507 1138 536 Handschrift
1163 509 1279 546 zufolge
1294 510 1337 536 ist
1355 509 1406 537 der
1424 510 1497 537 Ver-

188 550 281 577 fasser
310 549 359 577 dei.
386 548 492 576 Liedes
524 547 727 582 „Reverendus
747 548 866 578 Petrus,
899 545 1001 573 Sancti
1031 545 1119 574 Pauli
1139 547 1302 575 Leonensis
1333 549 1496 584 episcopus,

188 595 298 615 morum
331 586 475 623 elegantia
505 585 685 613 clarissimus
714 587 817 621 virque
845 593 969 620 magnac
999 585 1132 613 caritatis
1163 587 1193 612 ct
1222 585 1431 619 literaturae“3
1467 595 1498 614 er

188 625 264 653 habe
288 625 340 653 «las
360 624 434 652 Lied
460 626 492 652 in
516 624 658 652 schwerer
677 623 844 651 Kranlzheit
867 623 1016 660 gedichtet
1041 623 1102 650 und
1121 623 1197 651 nach
1219 625 1316 651 seiner
1340 624 1498 660 Genesung

190 663 242 691 auf
266 664 344 691 einer
368 662 593 690 Ex-voto-Tafel
621 662 784 698 anbringen
813 661 919 689 lassen.
967 662 1068 689 Pierre
1092 661 1223 689 Bernard
1249 660 1343 694 (nicht
1370 672 1408 690 zu
1434 671 1498 691 ver-

189 701 332 729 wechseln
357 702 412 728 mit
437 701 501 728 dem
521 700 705 728 Kal-meliten
723 700 824 728 Pierre
844 700 880 727 de
899 698 1210 735 Saint-Pol-de-Leon)
1228 700 1311 728 hatte
1331 700 1387 728 den
1412 700 1498 729 Stuhl

189 747 247 767 von
268 739 421 767 Saint-Pol
440 740 507 767 inne
530 747 580 766 um
601 735 683 766 1328.

625 829 684 860 218.
725 830 769 861 De
790 830 901 861 sancta
922 830 1043 862 Ursula.

190 902 221 934 1.
247 901 325 939 Ave,
347 900 435 940 virgo
460 899 585 943 Ursula,

295 948 419 980 Genere
443 948 570 988 regalis,

246 994 318 1027 Non
343 998 375 1026 te
400 997 504 1027 carnis
528 994 654 1027 macula

290 1042 411 1075 Fuscat
432 1043 590 1083 aliquaiis,

246 1090 284 1122 In
308 1093 341 1121 te
364 1090 569 1122 tabernacula

292 1138 445 1177 Princeps
470 1137 605 1169 illocalis

244 1185 335 1216 Fixit
356 1185 513 1224 praebens
539 1186 646 1217 oscula

293 1232 408 1272 sponsi
432 1232 597 1272 spiritalis,

187 1291 218 1323 2.
243 1289 323 1330 Ave,
349 1289 540 1329 primiceria,

292 1337 541 1369 Victoriosarum

243 1383 290 1415 Te
312 1384 440 1417 undena
464 1384 554 1416 milia

291 1432 413 1464 Ornant
435 1432 624 1475 puellarum,

243 1479 316 1511 Tibi
340 1488 399 1520 per
423 1480 577 1519 martyria

288 1527 435 1559 Totidem
459 1530 639 1560 sanctarum

240 1573 473 1615 Frequentatur
498 1575 601 1615 gloria

290 1622 352 1655 Per
376 1622 485 1654 orbem
509 1625 675 1655 terrarum.

185 1678 216 1711 3.
242 1679 320 1718 Ave,
346 1680 456 1712 mundi
481 1679 587 1713 dulcia

290 1727 375 1766 Quae
398 1728 630 1769 aspernabaris,

243 1775 334 1807 Juste
357 1775 580 1815 tympanistria

286 1823 370 1863 Agni
394 1824 595 1863 nuncuparis,

244 1868 369 1903 Christo
394 1871 494 1904 multa
517 1872 607 1903 milia

288 1918 470 1959 Martyrum
494 1919 639 1961 lucraris,

243 1964 320 1997 Cum
344 1966 456 2007 quibus
480 1968 514 1999 in
541 1968 628 2000 curia

292 2012 378 2045 Coeli
402 2014 558 2054 gloriaris

184 2072 218 2104 4.
244 2070 320 2111 Ave,
348 2079 420 2103 ecce
444 2072 573 2104 sceleris

288 2118 344 2150 Me
366 2118 446 2159 ligat
467 2121 616 2161 ligamen,

241 2165 336 2205 Cujus
361 2175 482 2208 quoque
506 2168 657 2207 ponderis

289 2213 448 2254 opprimit
471 2225 651 2257 gravamen,

930 900 992 932 Per
1016 901 1077 933 hoo
1102 909 1194 933 curre
1217 910 1298 940 prae
1323 903 1458 935 caeteris

975 948 1083 980 Meum
1108 949 1150 981 ad
1171 948 1330 992 juvamen,

928 995 974 1028 Ut
996 996 1075 1027 mihi
1098 1005 1161 1028 non
1186 1000 1299 1029 noceat

975 1043 1097 1086 Hostis,
1118 1045 1163 1076 sis
1186 1044 1341 1077 levamen.

894 1125 901 1131 .
927 1100 1008 1140 Ave,
1034 1101 1119 1132 vitae
1143 1102 1318 1142 speculum,

976 1148 1141 1187 Virginum
1166 1149 1286 1189 regina,

929 1195 1028 1234 Quam
1050 1196 1193 1228 illustrat,
1216 1198 1357 1237 undique

975 1242 1088 1275 Gratia
1114 1244 1232 1284 divina,

926 1291 1047 1322 Aurem
1070 1293 1157 1323 tuam
1182 1301 1359 1332 pauperum

974 1338 1127 1371 Precibus
1152 1340 1281 1381 inclina,

927 1385 1010 1425 Quos
1034 1386 1171 1420 involvit
1193 1388 1310 1420 misere

974 1434 1117 1466 sordium
1141 1435 1278 1468 sentina.

893 1517 899 1525 .
925 1491 1005 1532 Ave,
1032 1490 1081 1522 his
1107 1492 1303 1532 temporibus

972 1547 1053 1579 quae
1076 1541 1179 1581 surgis
1205 1542 1242 1571 ut
1265 1540 1370 1582 stella,

925 1585 963 1617 In
992 1587 1166 1620 occidentis
1189 1589 1337 1627 partibus

971 1634 1083 1667 Patria
1106 1635 1243 1676 novella,

923 1682 954 1713 A
978 1691 1030 1714 me
1053 1683 1115 1722 piis
1139 1683 1286 1723 precibus

970 1730 1087 1763 Mortis
1112 1729 1189 1771 fuga
1211 1730 1309 1770 bella,

923 1777 979 1809 Me
999 1779 1098 1818 junge
1122 1778 1322 1819 coelestibus,

971 1825 996 1858 Ο
1023 1825 1125 1858 dulcis
1149 1826 1266 1866 puella.

890 1908 897 1915 .
923 1882 1004 1925 Ave,
1029 1883 1118 1923 virgo
1145 1883 1242 1924 regia,

969 1930 1088 1971 Regem
1114 1932 1359 1972 contemplando

922 1978 1041 2011 Preces
1063 1982 1192 2012 nostras
1216 1981 1345 2021 suscipe

971 2026 1039 2060 Sibi
1062 2029 1310 2072 praesentando,

923 2073 968 2106 Ut
992 2083 1051 2114 pro
1076 2077 1130 2107 tuo
1153 2076 1281 2108 nomine

970 2122 1074 2155 Nobis
1097 2124 1269 2156 miseretur

922 2168 1052 2211 Nosque
1075 2171 1135 2203 tibi
1159 2171 1296 2205 famulos

971 2218 1091 2251 Tecum
1117 2223 1295 2253 coronetur.

260 2277 339 2306 Orat.
358 2288 411 2307 ms.
431 2281 659 2311 Unterdorfense
678 2292 753 2311 saec.
771 2281 814 2311 15.
841 2283 914 2311 clm.
929 2283 1083 2312 Monacen.
1098 2284 1182 2314 7815.
1203 2301 1241 2306 —
1260 2288 1322 2316 Der
1337 2287 1423 2315 Reim
1443 2287 1495 2315 der

184 2317 350 2353 ungeraden
370 2318 471 2348 Zeilen
488 2322 530 2348 ist
548 2322 632 2349 nicht.
651 2321 867 2359 durehgeffihrt.
