1653 2668
748 148 1011 185 *167—

221 246 253 279 6.
282 246 306 279 O
332 254 505 286 praecusor
530 246 697 288 claritatis,

214 1300 286 1326 reim
312 1299 389 1326 nach
409 1298 493 1333 jeder
518 1298 645 1334 Strophe
671 1298 788 1326 wieder.
815 1313 853 1317 —
878 1296 910 1332 4,
941 1296 959 1325 2
988 1298 1123 1327 custodes
1151 1298 1315 1326 beatorum.
1342 1314 1380 1318 —
1406 1299 1439 1336 5,
1472 1297 1490 1328 3

281 294 306 327 O
330 294 474 334 baptista
496 294 653 336 veritatis,

278 342 325 373 Tc
350 344 534 382 poscentem
558 351 619 382 pro
642 343 784 384 peccatis

280 390 343 422 Ora
368 389 489 422 fontem
514 390 656 430 pietatis

244 472 250 479 .
277 446 394 479 Sancte
419 448 525 488 Petre,
552 450 662 488 pastor
685 448 778 489 bone,

278 494 407 528 Summo
433 496 522 538 gregi
546 504 604 528 nos
630 504 766 539 appone,

278 543 377 575 Paule
404 544 526 584 doctor,
553 543 640 576 orbis
665 544 782 586 lumen,

281 590 368 623 Coeli
396 591 488 625 nobis
513 592 609 632 placa
632 601 759 626 numen.

244 674 251 680 .
282 648 306 681 O
336 650 496 682 coelorum
521 652 685 682 senatores

278 697 386 737 Atque
411 697 498 730 orbis
526 697 725 739 decursores,

278 745 317 777 In
343 745 494 777 extremis
520 745 685 785 adjutores

279 791 470 833 Sentiamus,
496 802 560 825 non
586 795 734 826 tortores.

243 875 250 882 .
278 850 303 883 O
330 859 443 883 cruore
466 851 647 892 purpurati,

278 897 405 930 Christo
431 899 512 931 duce
540 898 685 941 laureati,

279 945 395 978 Vestra
419 954 516 986 prece
542 946 684 978 decorati

280 992 494 1026 Collaetemur
519 994 673 1027 coronati.

911 247 965 281 10.

909 448 962 483 11.

907 650 962 683 12.

906 851 960 884 13.

993 248 1018 281 O
1045 247 1133 280 beati
1159 244 1367 287 confessores,

989 295 1227 328 Mundanorum
1252 297 1498 334 contemptores,

991 344 1139 377 Paradisi
1162 351 1222 383 per
1246 352 1302 375 vos
1326 341 1422 375 flores

991 391 1228 432 Consequamur
1252 394 1284 423 et
1307 391 1453 424 honores.

990 449 1015 481 O
1043 449 1178 482 decorae
1204 450 1236 480 et
1258 449 1446 489 prudentes,

990 497 1145 530 Castitate
1169 497 1362 537 redolentes,

990 544 1089 585 Opem
1115 544 1209 585 ferte,
1235 545 1429 585 repellentes

989 593 1177 633 Impudicae
1202 592 1288 625 vitae
1312 595 1428 626 sentes.

990 650 1107 683 Omnes
1131 650 1242 692 sancti,
1269 659 1326 683 vos
1351 658 1509 691 rogamus,

990 698 1036 731 Ut
1060 699 1167 739 oretis,
1194 698 1422 741 supplicamus,

987 745 1038 778 Ne
1064 745 1187 779 confusi
1212 754 1380 786 pereamus

989 793 1054 826 Sed
1077 793 1239 827 vobiscum
1266 794 1470 835 gaudeamus.

989 851 1014 884 Ο
1040 855 1224 884 sanctorum
1246 860 1305 884 rex
1329 852 1475 897 benigne,

989 898 1191 940 Sempiterna
1215 899 1312 932 laude
1338 900 1443 942 digne,

989 947 1148 979 Vitiorum
1169 956 1228 979 nos
1253 947 1293 979 ab
1319 947 1394 988 igne

987 994 1122 1036 Munda,
1146 1003 1238 1027 sacro
1264 996 1392 1035 replens
1417 996 1500 1036 igne.

544 1051 600 1084 14.
627 1052 733 1092 Pater,
755 1049 907 1093 Verbum,
934 1053 1079 1083 sanctum
1103 1050 1229 1092 flamen,

629 1098 816 1131 Electorum
840 1100 877 1130 tu
897 1099 1059 1140 juvamen,

628 1146 732 1179 Nobis
756 1147 844 1187 pium
871 1146 913 1178 da
935 1147 1077 1179 solamen

627 1193 673 1226 Et
696 1197 861 1227 aeternum
885 1203 1027 1235 regnum.
1078 1195 1193 1227 Amen.

293 1260 364 1288 Cod.
385 1260 593 1296 cantabrigen.
612 1260 658 1288 Ἐξ.
677 1260 722 1288 VI
742 1258 788 1288 14.
807 1267 885 1287 saec.
908 1257 953 1288 15.
972 1275 1011 1280 -—
1033 1258 1065 1294 1,
1092 1259 1107 1288 5
1129 1261 1177 1288 bis
1196 1259 1213 1286 ’ἶ
1234 1259 1349 1288 kehren
1369 1260 1411 1289 als
1432 1260 1532 1289 Rund-

214 1337 375 1373 prophetis.
397 1352 434 1356 —
456 1334 499 1371 14,
521 1334 539 1363 2
560 1336 731 1365 Electorum
751 1339 783 1365 in
798 1335 948 1373 juvamen.

218 1501 249 1534 1.

1517 1307 1535 1326 a

570 1429 634 1462 133.
675 1429 803 1461 Litania
823 1429 963 1461 Omnium
983 1429 1178 1461 Sanctorum.

276 1500 364 1533 Deus
389 1504 492 1543 pater,
519 1501 573 1541 qui
599 1501 715 1533 creasti

275 1548 434 1581 Mundum
459 1550 491 1580 et
514 1549 713 1591 illuminasti,

275 1596 409 1637 Suscipe
432 1605 484 1629 me
508 1597 727 1636 poenitentem

274 1644 320 1677 Et
341 1645 471 1678 illustra
495 1653 597 1676 meam
622 1647 775 1679 mentem.

274 1702 341 1734 Fili
365 1702 437 1744 Dei,
464 1701 543 1734 Jesu
568 1702 707 1745 Christe,

276 1751 328 1783 Ad
355 1753 388 1782 te
412 1750 501 1784 venit
524 1759 598 1782 reus
619 1750 690 1792 iste,

274 1799 334 1839 Qui
356 1799 389 1831 in
417 1798 498 1832 coeli
522 1798 616 1831 sedes
642 1807 727 1839 arce,

274 1846 477 1888 Supplicanti
501 1846 580 1878 mihi
604 1855 713 1887 parce.

241 1931 248 1938 .
276 1906 403 1946 Sancte,
430 1904 574 1946 spiritus,
600 1907 728 1937 tuorum

276 1954 466 1987 Consolator
489 1953 691 1993 miserorum,

276 2001 415 2042 Respice
438 2009 491 2033 me
514 2003 717 2041 peccatorem

276 2048 454 2082 1nfundens
478 2051 568 2081 tuum
591 2058 742 2082 amorem.

276 2107 363 2140 Deus
387 2108 494 2140 unitas
520 2116 661 2148 superna

277 2156 485 2197 Trinitasque
509 2155 715 2199 sempiterna,

275 2206 323 2239 Ut
345 2204 511 2237 intendam
536 2205 611 2236 tuae
635 2204 735 2247 laudi,

274 2254 367 2287 Meos
393 2252 529 2294 gemitus
555 2252 681 2285 exaudi.

241 2338 249 2345 .
276 2312 340 2344 Dei
364 2310 514 2353 genitrix,
540 2310 658 2352 Maria,

278 2360 374 2401 Virgo
400 2360 540 2392 clemens
565 2361 662 2400 atque
684 2359 748 2403 pia,

274 2409 340 2443 Ora
364 2418 424 2450 pro
449 2416 501 2441 mc
524 2410 705 2449 peccatore,

274 2458 400 2491 Ornans
425 2465 477 2490 mc
502 2457 657 2490 virtutum
681 2455 770 2489 flore.

933 1502 964 1534 6.

909 2310 963 2343 10.

992 1501 1017 1534 O
1041 1501 1159 1539 Maria,
1186 1499 1254 1532 Deo
1281 1508 1365 1543 cara,

991 1548 1092 1580 Stella
1115 1549 1225 1580 lucens
1250 1549 1283 1579 et
1305 1548 1484 1589 praeclara,

991 1595 1108 1630 Confer
1132 1595 1213 1627 mihi
1237 1596 1405 1628 caritatem

990 1644 1123 1676 Necnon
1149 1645 1180 1675 et
1203 1643 1424 1676 humilitatem.

956 1727 963 1734 .
990 1701 1058 1733 Fac
1081 1711 1133 1734 me
1156 1700 1217 1732 tibi
1243 1701 1405 1734 deservire

988 1749 1034 1782 Et
1056 1750 1090 1782 in
1114 1753 1147 1782 te
1172 1748 1270 1781 vitam
1294 1748 1399 1791 finire,

989 1797 1035 1830 Ut
1058 1806 1117 1838 per
1144 1800 1173 1829 te
1195 1796 1367 1837 justificari

990 1845 1124 1887 Possim,
1153 1854 1213 1886 per
1236 1847 1270 1877 te
1295 1848 1327 1877 et
1349 1846 1479 1880 salvari.

955 1929 962 1936 .
988 1904 1141 1946 Michael,
1170 1903 1271 1935 victor
1297 1904 1444 1937 draconis

987 1952 1187 1992 Pietatisque
1209 1952 1397 1993 praedonis,

990 2000 1158 2033 Volentem
1182 1999 1261 2031 mihi
1284 2009 1400 2033 nocere

990 2048 1058 2081 Fac
1082 2047 1209 2081 omnino
1233 2057 1298 2081 non
1322 2049 1441 2084 valere.

994 2105 1137 2146 Gabriel,
1162 2105 1274 2138 nuntie
1300 2105 1428 2149 Christi,

991 2154 1087 2195 CuJ'us
1113 2155 1217 2187 ortum
1241 2155 1446 2197 praedixisti,

991 2203 1141 2244 Obsecro,
1166 2202 1245 2235 mihi
1269 2203 1402 2244 dignare

989 2251 1130 2284 Mortem
1154 2259 1258 2282 meam
1282 2252 1440 2287 nuntiare.

990 2309 1147 2352 Raphael,
1175 2308 1453 2352 medicamentum,

990 2358 1042 2390 Tu
1064 2358 1150 2391 salus
1175 2359 1272 2398 atque
1293 2356 1478 2403 fomentum,

990 2406 1126 2439 Medere
1149 2415 1219 2438 meo
1244 2406 1399 2449 languori,

990 2455 1038 2488 Ut
1061 2455 1121 2487 sim
1144 2457 1252 2496 gratus
1277 2456 1443 2491 salvatori.
