1653 2668
189 657 219 691 1.

188 856 217 887 μ)

702 122 960 158 -174—

581 223 637 254 29.
663 220 758 262 Laus,
783 221 884 252 honor
907 222 937 251 ct
961 220 1063 260 gloria

708 268 777 300 Deo
802 268 844 298 sit
871 267 997 298 deorum

661 315 699 348 In
724 315 829 347 omnia
853 315 988 352 saecula,

707 363 775 403 regi
799 361 1005 394 saeculorum.

266 439 344 466 Orat.
365 447 418 467 ms.
439 447 512 466 saec.
537 436 578 465 15.
603 437 672 465 Cod.
694 437 844 466 Colonien.
865 435 890 463 7.

607 565 668 597 138.
708 567 751 597 De
771 565 888 597 sanctis
905 564 1071 605 Apostolis.

247 658 271 689 Ο
297 657 391 688 Petre
415 656 604 695 beatissime,

244 703 469 743 Apostolorum
492 703 637 743 maxime,

245 750 300 782 Me
324 750 356 780 in
378 750 443 782 fide
468 750 623 781 catholica

246 798 315 829 Tua
338 805 434 836 prece
459 797 630 829 consolida.

246 854 269 886 Ο
296 854 406 897 Paule,
431 854 541 886 mundi
565 854 675 895 lilium,

247 902 378 933 Praesta
401 902 478 933 mihi
502 901 663 941 auxilium,

248 948 344 987 Spem
368 946 491 980 firmam
518 948 594 980 mihi
616 949 753 990 impetra

246 995 365 1028 Contra
388 996 498 1028 mundi
524 996 715 1029 discrimina.

246 1052 270 1084 O
295 1051 428 1084 Andrea
450 1052 603 1093 piissima,

249 1099 329 1130 Vota
352 1100 513 1138 precantis
537 1099 673 1141 suscipe,

243 1146 288 1177 Et
314 1145 454 1178 caritatis
480 1147 623 1187 geminae

243 1193 345 1232 Reple
364 1196 501 1226 mentem
528 1194 704 1228 dulcedine.

210 1275 217 1283 .
245 1249 269 1281 O
295 1249 423 1293 Jacobe,
450 1251 594 1282 accelera

242 1296 317 1328 Mea
340 1297 457 1336 piando
482 1298 614 1339 scelera,

243 1344 402 1376 Mundans
430 1345 511 1377 dono
530 1345 674 1384 ⁴iustitiae

241 1392 272 1422 A
297 1390 451 1424 fermento
476 1392 626 1425 malitiae.

211 1474 217 1482 .
245 1448 269 1480 Ο
296 1447 456 1480 Johannes
482 1449 667 1491 castissime,

247 1496 270 1528 O
296 1498 330 1526 tu
355 1495 480 1528 Christo
507 1496 678 1539 carissime,

244 1543 335 1575 Dona
357 1544 434 1575 mihi
457 1544 660 1584 prudentiam

244 1590 288 1622 Et
314 1593 431 1623 castam
457 1591 690 1625 conscientiam.

209 1673 215 1679 .
243 1647 268 1680 O
295 1647 453 1689 Philippe,
479 1657 514 1680 os
539 1648 708 1689 lampadis,

240 1694 326 1726 Erue
348 1703 400 1727 me
423 1705 443 1728 a
466 1696 607 1729 tenebris

241 1742 399 1774 Virtutum
424 1743 562 1775 lustrans
587 1743 705 1776 lumino

239 1789 329 1821 Muni
353 1799 404 1822 me
427 1789 625 1824 fortitudine.

207 1872 213 1879 .
241 1847 265 1879 O
289 1846 417 1890 Jacobe,
443 1847 619 1880 Jerusalem

241 1895 309 1926 Fac
332 1902 383 1925 me
406 1895 473 1935 poli
497 1895 685 1935 participem

241 1941 400 1974 Coronans
424 1944 637 1982 temperantia

241 1989 318 2021 Cum
342 1990 520 2022 sanctitatis
545 1990 658 2030 gratia.

206 2072 213 2079 .
240 2046 264 2078 O
289 2046 439 2087 princeps
464 2047 650 2089 apostolice,

235 2093 476 2127 Bartholomaee
494 2095 629 2136 domine,

236 2141 326 2172 Mala
349 2150 420 2174 mea
443 2141 608 2183 mortifica,

241 2190 326 2227 Quae
350 2188 434 2222 bona
456 2192 540 2231 sunt,
567 2189 700 2224 vivifica.

204 2270 211 2277 .
238 2245 262 2277 Ο
286 2245 458 2285 Matthaee,
485 2256 525 2279 ne
551 2247 681 2280 differas

237 2293 362 2332 Fugare
385 2303 436 2326 res
460 2293 652 2336 mortiferas,

234 2339 419 2380 Voluptates
445 2343 629 2383 carnalium,

235 2386 323 2419 Dans
350 2388 432 2422 dona
456 2390 657 2430 spiritalium.

870 655 923 688 10.

867 853 920 888 11.

867 1054 922 1086 12.

867 1252 919 1284 13.

865 1451 918 1483 14.

864 1650 916 1682 15.

863 1849 917 1881 16.

861 2048 915 2081 17.

858 2247 915 2281 18.

952 656 976 688 O
1003 654 1136 695 Thoma,
1163 656 1197 684 tu
1222 654 1275 693 qui
1298 653 1431 685 vulnera

951 702 1092 742 Palpasti
1119 700 1294 743 salutifera,

949 750 999 782 Tu
1024 758 1103 781 sana
1126 749 1237 788 plagas
1261 747 1401 788 pectoris

952 797 1107 830 Coelestis
1132 804 1207 828 rore
1230 795 1379 827 nectaris.

949 855 973 887 O
1001 854 1109 886 Simon
1134 852 1327 895 beatissime,

947 902 1069 934 Norma
1093 900 1302 943 obedientiae,

946 949 997 981 Da
1021 957 1081 988 per
1104 956 1235 987 precum
1261 946 1438 988 potentiam

948 997 1064 1028 Veram
1089 995 1312 1027 obedientiam.

949 1054 973 1086 O
1000 1052 1087 1085 Juda
1114 1051 1274 1084 Christum
1300 1050 1460 1090 confitens,

949 1100 1012 1133 Cor
1037 1100 1114 1131 mihi
1141 1099 1224 1131 dona
1247 1099 1414 1139 poenitens

950 1147 1027 1180 Cum
1048 1146 1155 1179 fructu
1179 1146 1406 1185 poenitentiae,

946 1196 983 1227 In
1008 1195 1101 1226 bonis
1125 1194 1374 1233 permanentiae.

948 1253 972 1285 O
998 1251 1147 1292 Matthia,
1175 1251 1229 1290 qui
1252 1249 1375 1282 meritis

947 1299 1138 1338 Conjunctus
1164 1306 1197 1328 es
1222 1297 1384 1338 apostolis,

947 1348 976 1378 A
1004 1345 1124 1378 cunctis
1150 1344 1240 1377 salva
1263 1344 1417 1384 pestibus.

947 1394 1111 1433 Conjunge
1133 1401 1191 1424 nos
1217 1391 1416 1424 coelestibus.

945 1451 1011 1482 Vos
1040 1457 1195 1490 quemque
1217 1448 1422 1489 singulariter

942 1498 1120 1538 Omnesque
1144 1504 1259 1536 precor
1283 1496 1416 1537 pariter,

946 1545 992 1578 Ut
1015 1553 1074 1585 pro
1099 1544 1177 1576 meis
1204 1543 1385 1576 excessibus

947 1593 1052 1626 Oretis
1076 1592 1163 1624 horis
1189 1591 1343 1624 omnibus

946 1650 1062 1682 Omnes
1087 1648 1189 1680 sancti
1213 1648 1360 1690 apostoli,

943 1697 1010 1729 Mei
1034 1705 1090 1729 vos
1114 1696 1318 1735 miseremini,

945 1744 1060 1776 Vestra
1083 1746 1194 1775 sancta
1216 1743 1370 1775 memoria

942 1791 999 1823 Me
1023 1791 1157 1823 collocet
1179 1791 1214 1822 in
1238 1791 1350 1831 gloria.

944 1849 968 1882 O
995 1857 1088 1888 quam
1113 1847 1209 1880 beata
1232 1848 1357 1889 merita,

943 1896 1061 1929 Christi
1085 1894 1150 1927 frui
1174 1896 1367 1935 praesentia.

941 1943 1037 1983 Cujus
1062 1943 1175 1975 audire
1201 1943 1307 1978 dulcia

940 1990 1098 2023 Solebatis
1124 1991 1291 2033 colloquia.

941 2049 1006 2081 Vos
1031 2049 1142 2080 mundi
1168 2048 1209 2080 de
1232 2048 1419 2081 tumultibus

940 2096 1049 2136 Elegit
1072 2096 1134 2128 sibi
1157 2096 1324 2138 Dominus,

944 2144 1003 2183 Qui
1028 2144 1188 2175 meruistis
1215 2153 1346 2177 cernere

938 2191 1041 2223 Deum
1065 2201 1175 2224 verum
1199 2193 1232 2225 in
1258 2201 1401 2233 corpore.

938 2248 1003 2281 Vos
1032 2249 1107 2281 estis
1131 2251 1243 2283 mundi
1267 2249 1388 2282 lumina.

930 2296 1044 2337 *Super
1066 2297 1166 2330 solem
1187 2298 1337 2338 lucentia,

940 2345 1004 2377 Per
1029 2354 1107 2385 quos
1133 2344 1234 2386 fulget,
1261 2346 1396 2377 ecclesia

941 2393 988 2426 Ut
1011 2393 1059 2425 sol
1085 2396 1117 2425 et
1139 2393 1216 2428 luna
1240 2393 1419 2435 splendida.
