1653 2668
226 216 257 248 8.
284 214 401 246 Sancta
424 212 512 252 virgo
537 209 702 249 virginum,

325 268 406 302 quac
429 257 545 291 mundo
570 255 669 288 tulisti

282 307 415 347 Gaudia,
443 307 516 339 dum
538 304 706 336 Dominum

323 357 464 387 nostrum
489 350 651 392 peperisti,

283 403 379 443 Cujus
404 398 583 433 fortitudini

330 458 391 481 non
416 448 520 487 potest
544 445 660 483 resisti,

287 498 353 529 Fac
376 504 433 527 nos
459 494 535 535 ejus,
561 493 707 533 petimus,

327 545 400 576 ante
425 542 571 573 thronum
596 539 675 572 sisti.

229 622 260 653 9.
287 620 345 660 Qui
373 618 541 650 draconem
566 616 703 648 viseeras

329 667 362 698 in
387 667 493 696 monte
516 662 674 703 Gargano,

288 712 438 752 Miehael,
465 710 591 751 spiritui

328 759 471 792 fraenum
496 757 547 790 fac
571 766 697 797 vesan0,

288 808 367 841 Esto
391 807 483 838 nobis
508 805 633 837 obviam

333 856 365 886 in
390 854 501 885 salutis
526 853 632 892 plano,

292 902 336 935 Ut
359 901 527 941 migremus
552 901 594 933 ad
617 900 724 932 Jesum

333 957 402 981 cum
423 949 580 980 conductu
604 955 692 980 sano.

212 1026 266 1058 10.
293 1026 357 1058 Per
380 1033 472 1064 quem
495 1024 601 1065 plena,
629 1022 769 1060 Gabriel,

335 1072 423 1112 virgo
448 1071 485 1103 fit
507 1071 637 1102 inventa

291 1120 398 1159 Flatu,
423 1127 482 1158 per
504 1127 597 1158 quem
619 1117 745 1158 peperit

337 1166 506 1208 Christum,
533 1166 586 1205 qui
610 1167 769 1197 tormenta

296 1216 357 1247 Pro
383 1213 474 1245 nobis
498 1214 675 1254 pertulerat

334 1264 500 1302 praestans
525 1261 712 1299 levamenta,

293 1309 342 1341 Nc
362 1311 536 1348 tangamus,
563 1308 709 1347 petimus,

337 1355 410 1389 Orci
435 1356 624 1395 pavimenta.

217 1432 270 1465 11.
299 1431 453 1473 Raphael‚
480 1431 532 1471 qui
556 1431 683 1463 nuntias

338 1481 448 1511 nostra
470 1480 545 1511 vota
570 1479 665 1510 caelis

295 1526 340 1558 Et
362 1525 482 1558 Tobiae
507 1523 613 1557 fueras

339 1574 373 1605 in
395 1573 448 1605 via
470 1572 576 1606 fidelis

302 1621 347 1652 Et
369 1629 428 1659 per
453 1619 497 1652 fel
522 1620 669 1660 pisciculi

343 1668 503 1700 caecitatis
529 1668 600 1700 telis

299 1715 431 1748 Tobiam
456 1716 648 1756 salvaveras,

343 1772 399 1794 nos
424 1771 538 1795 sanare
562 1764 650 1796 velis.

222 1839 276 1873 12.
302 1839 427 1879 Angeli,
454 1839 646 1880 archangeli,

343 1889 528 1927 potestates,
554 1887 670 1927 throni,

303 1934 472 1968 Cherubim
498 1937 530 1967 et
554 1934 721 1975 Seraphim

346 1990 499 2023 senesque
523 1982 635 2023 coloni,

305 2029 359 2062 Ad
384 2031 538 2062 orandum
561 2029 731 2063 Dominum

348 2085 444 2117 prece
468 2077 537 2109 sitis
561 2079 665 2119 proni,

306 2125 352 2158 Ut
376 2124 472 2156 simus
497 2125 670 2165 participes

349 2172 535 2212 sempiterni
558 2172 643 2206 boni.

229 2247 283 2282 13.
310 2248 537 2288 Prophetarum
559 2251 707 2291 maxime,

350 2295 510 2329 Johannes
534 2297 690 2338 Baptista,

310 2343 407 2383 Apud
432 2343 590 2377 Christum
614 2345 784 2378 Dominum

352 2400 445 2424 orans
469 2401 528 2434 pro
552 2392 643 2425 nobis
667 2395 728 2435 sta,

809 107 880 143 162
926 126 975 132 -—

883 424 937 457 14.

898 1652 952 1684 17.

906 2062 958 2094 18.

957 202 1007 234 Nc
1029 210 1086 233 nos
1111 201 1251 240 prendat
1274 198 1406 231 miseros

1003 249 1127 289 priscus
1152 248 1305 288 agonista,

963 297 1027 330 Sed
1053 295 1196 329 fruamur
1220 294 1322 336 gloria

1002 345 1107 385 spolia
1129 346 1203 383 post,
1226 344 1299 376 ista.

965 421 989 454 Ο
1017 420 1126 453 dilecti
1149 419 1280 452 Domini

1005 468 1108 500 sancti
1131 467 1345 508 patriarchae,

964 517 1047 556 Quos
1072 515 1210 548 salvavit
1233 514 1387 547 Dominus

1008 572 1068 604 per
1092 563 1224 594 tutelam
1249 562 1375 602 archae,

964 611 1105 644 Fundite
1128 609 1312 650 precamina

1008 658 1144 691 Domino
1166 657 1343 698 ¹ierarchae,

966 707 1012 740 Ut
1037 706 1183 739 coelestis
1206 705 1331 745 patriae

1009 754 1106 785 simus
1132 753 1400 785 commonarchae,

936 856 942 862 .
969 831 1163 863 Futurorum
1186 829 1286 869 scioli,

1010 887 1066 910 vos
1092 877 1194 909 sancti
1220 877 1404 918 prophetae,

971 926 1030 965 Qui
1057 933 1127 957 cum
1151 924 1220 956 Deo
1245 922 1367 964 famini,

1010 980 1123 1012 preces
1145 972 1212 1012 jam
1236 972 1399 1013 praebete,

970 1021 1097 1053 Veteris
1122 1022 1158 1051 ut
1181 1019 1313 1059 aucupis

1015 1067 1246 1100 transvolemus
1272 1070 1350 1107 rete,

974 1116 1148 1155 Carpentes
1174 1114 1365 1155 confugium,

1014 1163 1102 1203 quus
1127 1171 1190 1194 uon
1215 1164 1289 1194 sunt
1311 1164 1424 1194 metae.

973 1240 1078 1280 Petre,
1106 1239 1185 1270 coeli
1211 1238 1362 1279 claviger,

1016 1287 1069 1327 qui
1093 1289 1184 1327 potes
1208 1286 1311 1327 ligare

974 1335 1008 1367 In
1036 1337 1125 1367 terra
1148 1342 1186 1366 ac
1210 1333 1344 1377 solvere,

1016 1391 1075 1422 pro
1100 1381 1192 1414 nobis
1216 1389 1361 1422 precare,

976 1430 1022 1463 Ut
1047 1429 1139 1462 nobis
1163 1429 1350 1469 peccamina

1023 1477 1102 1510 velit
1127 1477 1317 1517 condonare,

979 1525 1039 1566 Qui
1064 1524 1123 1557 tibi
1153 1524 1325 1565 condoluit,

1026 1581 1097 1604 cum
1120 1570 1215 1604 fieres
1239 1581 1356 1605 amare.

979 1649 1043 1681 Vas
1070 1649 1205 1681 electum
1229 1648 1367 1690 Domini,

1026 1706 1044 1729 o
1069 1697 1162 1729 beate
1184 1695 1293 1739 Paule⁷

982 1745 1078 1778 Cum:
1105 1743 1181 1783 quid
1207 1753 1258 1776 me
1282 1749 1494 1784 persequeris,

1031 1792 1121 1833 dixit,
1149 1791 1254 1832 Saule,
1281 1791 1386 1833 Saule,

982 1839 1137 1880 Christus,
1164 1839 1231 1879 ejus
1257 1837 1361 1871 factus
1387 1848 1420 1871 es

1031 1895 1130 1927 agnus
1155 1890 1286 1919 sanctae
1311 1888 1431 1928 caulae,

986 1935 1073 1968 Coeli
1097 1934 1188 1967 nobis
1213 1935 1353 1974 impetra

1034 1982 1229 2014 mansionem
1254 1983 1355 2016 aulae.

987 2059 1011 2092 O
1037 2068 1095 2100 per
1121 2068 1245 2092 crucem
1270 2060 1430 2093 redimens

1032 2107 1183 2147 gaudium
1206 2107 1349 2149 Andr-ea,

987 2155 1115 2188 Plebem
1142 2154 1273 2189 firmans
1298 2156 1406 2189 triduo

1036 2212 1209 2244 suspensus
1234 2204 1268 2236 in
1293 2212 1340 2243 ea,

986 2251 1077 2292 Roga
1099 2255 1189 2283 tuum
1209 2252 1392 2296 Dominum,

1037 2299 1177 2331 criminis
1202 2309 1243 2332 ne
1267 2309 1323 2332 rea

989 2346 1197 2388 Segregemur
1222 2348 1328 2381 anima

1037 2398 1220 2429 sanctorum
1246 2396 1371 2431 chorea.
