1653 2668
707 139 966 175 -170—

266 242 345 270 Orat.
370 249 423 269 ms.
437 239 615 276 Tegurinum
636 244 711 264 saec.
730 234 774 263 15.
791 234 862 263 Clm.
877 234 1027 261 Monacen.
1042 231 1076 260 19
1084 230 1149 260 353.
1162 232 1205 260 E:
1224 231 1376 268 Incipiunt
1387 230 1494 267 psalmi

189 279 412 317 poenitentiales
432 286 498 305 cum
516 277 628 304 letania
647 274 797 301 Francisci
816 271 1001 304 Petrarehac,
1023 273 1127 306 poetae
1148 270 1272 298 laureati
1296 271 1325 297 et
1346 269 1454 296 eximii.

268 317 348 346 Orat.
368 325 421 345 ms,
434 316 610 350 Tegurinum
631 313 701 340 anni
723 310 804 339 1470.
820 311 891 339 Clm.
905 310 1057 337 Monacen.
1079 307 1115 336 20
1123 306 1187 336 021.
1201 309 1239 337 F:
1259 308 1370 343 Incipit
1388 307 1495 334 litania

191 357 340 384 Francisci
359 352 543 385 Petrarehae,
563 353 667 387 poetae
686 350 811 377 laureati
832 350 862 377 et
881 348 990 375 eximii.

269 394 349 421 Orat.
375 400 427 420 ms.
446 391 624 426 Tcgurinum
648 396 723 415 saec.
746 386 789 415 15.
817 386 888 414 Olm.
908 385 1061 412 Monacen.
1088 382 1196 412 20124.
1216 385 1255 413 G:
1283 383 1410 412 Letania
1434 382 1495 410 alia

191 432 225 460 (le
246 432 378 460 omnibus
399 429 505 456 sanctis
527 427 677 455 Francisei
690 426 874 457 Petrarchae,
895 425 1000 460 poetae
1019 423 1145 451 laureati
1165 425 1194 450 et
1213 423 1322 457 eximii,
1344 421 1493 448 solemnis.

267 469 338 496 Clm.
365 469 517 495 Monacen.
544 465 593 496 (cl.
622 465 760 500 'Peg-urin.
793 459 890 491 19636
923 469 999 489 saec.
1028 459 1071 489 15.
1097 461 1144 488 H:
1171 462 1294 489 Litania
1318 459 1493 487 Petrarchae

190 510 293 544 poetae
312 505 436 533 laureati
456 505 485 530 et
504 504 612 530 eximii.

266 544 345 571 Orat.
364 551 417 571 ms.
437 540 628 576 Sangallense
648 537 704 567 520
724 548 799 567 saec.
822 537 866 566 15.
886 538 910 565 1.

265 581 343 609 Orat.
370 588 421 608 ms.
448 587 524 606 saec.
544 576 618 606 filiu.
649 577 718 605 Cod.
742 576 907 605 Bruxellen.
936 573 1040 603 10389.
1066 575 1107 603 K:
1137 575 1190 602 De
1217 583 1283 602 san
1294 576 1351 602 cto
1377 573 1492 601 Petro

190 618 525 654 Lueembuzgensi,
546 625 591 644 wo
612 616 647 643 de
666 615 760 643 soviel
779 615 893 642 heisscn
913 613 970 641 soll
990 613 1034 640 als
1055 615 1182 640 auctore.

264 657 333 685 God.
359 656 529 684 Casanatcn.
555 655 582 682 D
607 654 636 682 V
662 652 696 680 16
719 651 796 688 (884)
821 660 896 680 saec.
920 649 964 678 17.
992 651 1031 678 L:
1066 650 1166 678 Oratio
1193 651 1294 679 beati
1319 650 1425 677 Petri
1452 649 1493 677 (lt-

190 695 447 729 Luxcmburgo
470 692 643 719 Cardinalis.
663 691 749 727 Apud
768 690 949 719 Avenionem
970 690 1136 725 requiescit.
1320 708 1332 717 ,.

265 732 344 760 Orat.
364 739 416 759 ms.
437 730 582 758 Gallicum
601 737 676 757 saec.
692 727 736 756 15.
765 728 833 756 Ood.
852 727 1017 755 Londinen.
1039 727 1127 755 Burn.
1148 724 1212 755 336.
1233 728 1273 755 Μ.

266 768 315 803 20,
338 768 351 797 1
373 769 463 797 Serve
481 768 539 795 Dei
556 767 704 795 Martialis
723 768 760 795 K.
781 782 817 786 -
838 763 883 799 21,
904 764 924 793 4
945 766 1019 793 bono
1042 764 1211 793 confirmate
1229 766 1263 793 B.
1284 777 1320 783 -ι-
1341 761 1386 796 23,
1408 761 1425 790 ἴ)-
1445 764 1494 791 Me

192 808 321 836 conforta
340 808 373 835 B.
393 822 430 828 —
450 806 507 833 Die
528 808 623 833 ersten
642 814 721 833 neun
740 805 885 841 Sti-ephan
904 803 1002 831 fehlen
1021 803 1055 830 A.

609 878 672 909 134.
712 878 756 909 De
777 876 918 909 omnibus
939 876 1069 908 Sanctis.

195 943 226 975 1.
251 941 448 981 Redemptor
471 942 580 971 noster
603 939 748 980 Domine,
894 939 925 971 6.
952 936 1055 980 Salve,
1082 936 1161 970 felix
1186 937 1323 970 societas

250 988 308 1027 Qui
331 994 444 1028 passus
470 995 502 1018 es
527 996 586 1026 pro
610 987 747 1023 homine,
951 984 1141 1026 Martyrum,
1166 988 1273 1017 vestra
1298 984 1435 1024 dignitas

250 1036 368 1067 Nostra
392 1037 524 1075 peccata
547 1034 643 1066 hodie
952 1032 1020 1064 Nos
1044 1035 1193 1073 protegat
1217 1035 1249 1064 et
1271 1033 1386 1073 pietas,

251 1082 332 1114 Dele
356 1090 414 1123 pro
439 1085 493 1113 tuo
518 1081 654 1114 nomine.
952 1080 1002 1112 Ne
1026 1080 1166 1112 maculet
1186 1080 1349 1120 iniquitas

195 1140 227 1172 2.
253 1138 355 1182 Salve,
381 1138 492 1178 regina
515 1138 681 1178 virginum,
896 1138 926 1168 7.
952 1136 1046 1168 Salve
1070 1145 1141 1168 cum
1166 1135 1410 1176 confessoribus,

253 1186 339 1224 Quae
362 1185 498 1226 genuisti
519 1185 699 1224 Dominum,
952 1183 1105 1224 Mai-tine,
1131 1186 1163 1215 et.
1188 1183 1383 1224 doctoribus,

256 1234 350 1266 Hunc
373 1241 431 1273 pro
456 1232 559 1263 salute
582 1232 742 1264 hominum
955 1230 1022 1263 Nos
1047 1231 1087 1263 ab
1112 1230 1230 1263 inferni
1254 1230 1377 1263 foribus

255 1281 328 1320 Ora,
353 1281 455 1312 mater
479 1280 627 1311 omnium.
955 1278 1086 1311 Custodi
1114 1281 1146 1310 et
1172 1279 1343 1311 doloribus,

196 1338 227 1370 3.
254 1336 349 1369 Salve
374 1345 442 1368 cum
466 1337 529 1367 tuis
554 1337 684 1379 angelis,
898 1336 930 1368 8.
957 1334 1061 1378 Salve,
1086 1335 1182 1367 turba
1205 1336 1374 1376 virginum,

252 1384 392 1416 Michael
416 1383 617 1423 venerabilis,
956 1382 1042 1421 Quae
1065 1381 1160 1415 flores
1181 1383 1265 1415 sicut
1287 1383 1400 1423 lilium,

254 1431 408 1463 Juvamen
430 1430 622 1462 miserabilis
956 1430 1095 1462 Precare
1117 1430 1179 1462 Dei
1202 1430 1313 1474 filium,

256 1478 350 1510 Plebs
376 1478 458 1518 petit
483 1480 514 1509 et
537 1478 708 1511 instabilis.
955 1477 1002 1510 Ut
1025 1478 1119 1510 tollat
1141 1478 1256 1510 molem
1281 1478 1456 1511 criminum.

197 1536 228 1567 4.
256 1534 349 1566 Salve
375 1543 445 1566 cum
468 1534 586 1565 sanctis
610 1534 756 1574 patribus
900 1536 930 1567 9.
957 1535 1039 1567 Tota
1063 1535 1208 1567 coelestis
1236 1536 1332 1576 curia,

255 1582 406 1614 Omnibus
431 1583 526 1621 atque
549 1581 686 1624 vatibus,
958 1583 1063 1624 Salve,
1088 1592 1146 1614 nos
1171 1583 1211 1614 ab
1237 1582 1357 1622 injuria

254 1629 409 1669 Baptista,
435 1637 492 1660 nos
515 1629 663 1660 suavibus
956 1629 1058 1669 Eripe
1083 1633 1114 1661 et
1138 1640 1158 1662 a
1182 1629 1267 1662 furia

258 1676 423 1709 Coelorum
449 1676 521 1708 ciba
546 1676 692 1716 dapibus.
958 1677 1079 1717 Hostis,
1106 1678 1159 1718 qui
1183 1678 1285 1709 nutrit
1305 1677 1423 1718 jurgia.

200 1734 231 1765 5.
257 1732 384 1765 Salvete
407 1735 513 1764 terrae
536 1733 709 1775 principes,
879 1736 931 1767 10.
958 1734 1003 1766 Et
1033 1737 1107 1774 post
1130 1734 1213 1766 hanc
1236 1735 1335 1767 vitam
1358 1733 1499 1774 labilem,

256 1781 389 1812 Venturi
414 1788 537 1820 quoque
557 1780 691 1823 judices,
958 1781 1095 1813 Brevem
1119 1791 1157 1813 ac
1180 1781 1418 1814 lamentabilem

255 1828 357 1869 Regni
381 1828 442 1860 Dei
466 1828 641 1868 participes
958 1828 1026 1860 Nos
1050 1838 1177 1869 semper
1201 1829 1255 1862 fac
1278 1829 1447 1862 amabilem

260 1875 326 1907 Nos
352 1874 478 1908 faciatis
502 1884 669 1916 pauperes.
956 1876 1076 1908 Videre
1100 1877 1162 1909 Dei
1187 1876 1314 1912 faciem.

275 1931 354 1959 Orat.
379 1939 431 1959 ms.
451 1932 633 1968 Tegurinum
659 1941 735 1960 saec.
766 1931 808 1961 15.
831 1932 903 1961 Olm.
924 1933 1077 1960 Monacen.
1104 1931 1214 1962 20110.
1235 1934 1270 1962 Α.
1290 1947 1329 1952 ——
1348 1932 1428 1961 Orat.
1449 1943 1503 1961 rns.

197 1969 375 2005 Tcgurinum
394 1977 470 1997 saec.
491 1969 535 1997 15.
557 1969 628 1998 olm.
648 1971 800 1999 Monacen.
821 1968 932 1999 20124.
951 1971 986 1998 Β.
1006 1985 1045 1990 —
1058 1971 1139 2000 Orat.
1159 1981 1213 2000 ms.
1226 1972 1407 2009 Tegurinum
1427 1980 1504 2000 saec.

202 2005 245 2034 15.
272 2006 342 2035 Clm.
371 2009 523 2035 Monacen.
554 2006 588 2036 19
597 2006 661 2036 636.
692 2009 723 2037 C.
750 2026 788 2030 —
812 2010 837 2037 B
861 2008 915 2036 hat
936 2008 1070 2046 folgende
1095 2010 1298 2047 Benierlmng:
1329 2010 1417 2046 „Alia
1436 2011 1502 2047 pul-

200 2044 343 2073 cherrima
361 2046 454 2074 oratio
475 2046 511 2073 cle
531 2048 665 2075 omnibus
686 2050 809 2084 sanctis3
831 2051 860 2075 et
879 2049 924 2074 est
941 2048 973 2074 in
992 2050 1078 2075 nota:
1100 2048 1289 2078 Christum
1309 2048 1504 2077 laudemus

201 2092 215 2110 ⁴.-
223 2084 374 2118 armine,
396 2086 426 2111 et
445 2086 490 2112 est
507 2085 631 2112 multum
651 2082 920 2114 commendabffisf‘

620 2158 682 2190 135.
722 2160 767 2190 De
787 2157 932 2191 Omnibus
954 2159 1087 2192 Sanctis.

204 2216 236 2249 1.
260 2216 340 2260 Ave,
365 2227 490 2258 numen,
516 2227 627 2251 verum
648 2221 764 2260 lumen,
882 2222 912 2253 2.
939 2221 1003 2261 Eja
1026 2222 1124 2263 Deus,
1150 2224 1239 2256 Deus
1263 2233 1362 2264 meus,

264 2264 836 2312 Summumbonum‚tenensthronum,
938 2270 994 2301 Me
1020 2270 1152 2312 dignare
1176 2272 1309 2305 visitare

309 2312 378 2345 Rex
403 2315 551 2347 aeternae
574 2316 704 2356 gloriae,
988 2319 1097 2359 Atque
1120 2319 1321 2360 benedicere,

261 2359 320 2398 Qui
345 2369 377 2392 cs
400 2361 502 2393 trinus
525 2365 558 2394 et
580 2372 643 2396 non
667 2365 771 2397 minus
939 2366 1132 2400 Promovere
1157 2371 1189 2400 et
1213 2367 1333 2410 fovere,

262 2406 348 2439 Deus
372 2417 462 2448 1111115,
490 2409 532 2441 da
555 2411 616 2443 hoc
638 2421 761 2455 munus,
942 2413 1177 2449 conformando
1201 2426 1240 2448 ac
1264 2416 1419 2449 salvando

309 2455 418 2488 Tonas
442 2457 523 2489 zima
546 2459 678 2493 scoriae.
987 2463 1027 2495 In
1049 2472 1163 2504 meque
1187 2465 1366 2508 adspicere.
