1653 2668
667 116 714 121 —·
762 110 831 131 :6021
877 116 927 122 —'·

199 199 266 230 230.
307 199 441 239 Hymnus
462 197 649 230 confundens
672 198 863 239 Gregorium‚
886 199 968 231 alias
988 199 1164 238 Errorium‚
1188 199 1261 231 olim
1281 207 1403 240 papam.

401 270 431 305 1.
456 271 532 302 Alte
557 270 714 302 cantando
739 271 869 311 porrige
893 279 978 303 nunc
1002 279 1105 314 aures,

455 319 570 351 Fallax
594 318 717 359 Error-i,
744 318 883 350 traditor
907 322 941 350 tu
957 320 1076 359 noster,

456 365 558 398 Galles
583 365 617 397 in
641 373 749 398 omnes
774 364 860 398 fama
884 374 942 406 pro
967 375 1052 397 nunc
1074 364 1182 397 fundit

504 413 545 446 Se
568 416 625 445 tua
647 413 762 454 turpis

398 490 431 522 2.
456 490 515 529 Qui
539 491 674 530 temptas
699 489 811 522 aedem
835 488 990 529 pulsibus,
1018 498 1110 529 quam
1137 489 1251 521 Petrus

454 537 574 570 Doctus
601 540 632 568 et
656 537 772 569 Paulus
797 537 943 569 manibus
968 535 1146 577 firmarunt,

452 584 538 616 Rua‘c
560 588 597 616 ut
621 585 700 617 cinis
726 585 810 616 alma
834 585 896 617 Dei
921 584 1011 624 fides,

500 633 584 664 Astu
610 632 769 665 laborans

397 708 429 742 3.
456 708 561 740 Octies
593 709 704 740 decem
729 708 819 740 annis
847 707 1064 752 obumbratus,

451 756 592 796 Angelus
615 756 695 788 lucis
722 756 861 788 creditus
884 764 944 797 per
969 756 1087 798 orbem,

451 801 589 836 Pestifer
615 804 748 837 daemon
775 812 845 835 csse
869 805 923 845 qui
946 804 1095 843 probaris

501 851 613 883 Noctis
635 859 763 892 opacae.

395 927 428 959 4.
457 927 526 959 Usu
551 928 688 968 maligno
712 928 832 960 teneris
857 928 897 960 ab
922 928 1014 960 annis

458 973 567 1007 Sectas
593 976 721 1008 sinistro
747 975 860 1007 ordine
885 976 1030 1018 captasti,

455 1022 594 1061 Quarum
617 1032 701 1055 nunc
725 1031 831 1055 semen
856 1025 944 1056 senio
971 1024 1127 1064 digestum

502 1070 569 1106 ‚Pro
593 1069 659 1102 fide
683 1071 817 1111 spargis,

397 1146 431 1177 5.
457 1145 542 1177 Hinc
566 1144 751 1186 fraticellos,
780 1148 908 1179 comites
934 1155 1086 1191 errorum,

452 1192 551 1225 Varie
576 1194 671 1226 comis
695 1194 795 1226 roseis
820 1195 948 1235 galeriS,

453 1239 511 1272 Eis
535 1242 671 1273 nocendi
694 1242 835 1274 maribus
861 1245 893 1274 et
918 1245 1023 1275 terrae

502 1289 600 1321 Posse
625 1289 781 1323 donando.

397 1363 429 1396 6.
457 1362 548 1396 Clare
572 1364 648 1396 dum
669 1365 821 1408 produnt,
846 1367 938 1407 quaie
965 1369 1055 1399 tuum
1078 1377 1188 1409 genus,

455 1410 541 1443 Gorii
565 1411 665 1455 labor,
692 1412 770 1445 artis
794 1413 975 1455 banausiae,

450 1459 555 1491 Ausus
581 1468 614 1491 es
637 1465 780 1492 sanctum
803 1471 916 1503 mango
943 1463 1128 1502 phaleratus

499 1506 629 1539 Sumere
652 1517 775 1540 nomen.

396 1583 426 1614 7.
454 1583 576 1625 (ssaves,
603 1594 681 1625 quas
706 1588 822 1628 gestas,
848 1588 987 1620 aetheris
1012 1588 1054 1621 ad
1079 1591 1190 1629 portas

452 1630 562 1664 Credis
589 1632 739 1673 deceptus
764 1636 839 1674 apte
861 1635 1034 1677 pertinere,

450 1678 610 1711 Mulciber
632 1681 767 1722 Aetnae,
790 1680 883 1715 faber
906 1682 1113 1727 infernorum,

496 1728 564 1761 Has
588 1727 647 1760 tibi
674 1729 773 1763 dedit.

392 1802 423 1834 8.
451 1802 609 1835 Christum
634 1814 714 1845 quae
739 1806 852 1847 credit,
876 1807 964 1840 natio
989 1807 1094 1841 fidelis

450 1850 557 1883 Omnis
582 1853 742 1892 gaudebat
765 1856 840 1886 vota
860 1858 916 1888 tua
940 1856 1063 1896 videns,

451 1898 531 1931 Odio
559 1899 671 1939 dignus
697 1901 821 1934 Graeco
847 1907 879 1934 et
901 1903 1017 1936 Lat-ino

496 1946 617 1979 Cuncta
641 1947 810 1984 fraudasti.

392 2020 422 2054 9.
448 2020 533 2053 Voce
556 2024 711 2062 promissa
735 2024 829 2056 unica
855 2026 930 2058 dum
954 2028 1058 2066 possis

449 2068 539 2101 Haec
562 2070 714 2110 stipulata
739 2072 864 2105 solvere
889 2073 1043 2119 cedendo,

449 2116 544 2149 Ortus
568 2120 605 2149 tu
629 2117 717 2152 foves
742 2119 836 2152 simul
859 2124 892 2153 et
915 2130 1046 2158 occasus

496 2164 674 2199 Schismata
691 2168 764 2202 duo,

368 2237 423 2272 10.
450 2239 485 2271 Si
508 2241 644 2281 simplex
668 2246 755 2278 aetas
781 2246 862 2277 senii
885 2249 951 2279 tam
975 2250 1105 2288 grandis

447 2287 609 2321 Infantum
636 2295 729 2324 canat
750 2291 912 2326 fictionum
939 2295 1027 2328 dolos

447 2335 559 2377 anue
582 2339 734 2372 mundum
757 2341 862 2373 visere
885 2352 948 2375 non
971 2348 1075 2390 putas,

495 2384 591 2417 Pueri
616 2391 756 2421 cernant.
