1653 2668
704 149 963 185 —190—

183 253 214 285 2.
241 252 266 284 Ο
290 249 530 283 Bartholomaee
555 256 638 290 earo,

243 299 267 331 Ο
294 299 337 329 mi
361 297 519 338 princeps,
544 305 562 327 o
586 294 752 335 praeclare
798 318 801 321 .

289 346 361 378 Dux
385 342 647 384 magnificentiae,

242 393 291 425 Tu
317 402 349 424 es
374 399 518 431 magnum
543 390 708 431 luminare,

240 440 313 472 Toti
338 438 453 471 mundo
478 438 626 477 salutare,

288 487 391 519 Mirae
415 484 678 525 resplendentiao.

207 588 214 594 .
241 563 290 595 Tu
316 563 433 594 ditator
458 569 636 601 egenorum,

242 610 461 650 Propugnator
483 610 696 648 peccatorum,

290 658 357 689 Hos
381 656 450 689 Deo
473 654 655 696 pacificans,

243 704 411 736 Liberator
437 702 633 744 devotorum,

241 752 372 791 Ligator
399 750 643 790 daemoniorum,

287 799 377 831 Haec
398 806 494 829 urens
518 797 697 830 mitificans.

210 901 216 908 .
244 874 364 914 Gaude,
390 874 423 905 in
448 873 664 912 apostolorum

240 922 378 954 Numero
400 920 615 952 duodenorum

290 969 371 1000 Vere
394 971 462 1000 stas
485 967 645 1007 dulcifluo,

241 1018 306 1054 Quo
331 1018 503 1056 tanguntur
527 1014 621 1047 fiores
645 1015 769 1059 florum,

242 1065 342 1096 Penes
368 1071 457 1095 arces
483 1063 672 1094 musicorum

286 1110 433 1143 Sonando
458 1109 618 1144 melliflue.

864 248 893 280 5.
920 246 1004 278 Nam
1030 248 1160 278 octavus
1187 243 1411 276 descendendo

917 294 964 326 Es
990 296 1023 325 et
1047 292 1174 333 quintus
1200 291 1403 324 ascendendo

969 341 1070 373 Recte
1094 340 1331 380 magistraliter,

920 389 972 421 Ex
997 398 1057 429 quo
1082 386 1168 421 facto
1195 388 1256 420 hoc
1279 387 1457 427 perpendo,

921 437 1056 469 Duleem
1077 435 1165 477 pium
1191 438 1224 467 te
1249 435 1383 468 essendo

969 484 1074 517 Valde
1098 483 1290 523 specialiter.

888 588 894 594 .
920 561 1000 601 Quia
1026 559 1147 593 chorda
1171 563 1263 591 tensa
1287 558 1369 591 bene

920 608 1056 640 Dulcem
1081 615 1192 639 sonum
1216 607 1326 639 reddit
1348 607 1454 647 plene,

970 655 1023 688 Sic
1048 658 1082 688 tu
1105 663 1219 695 passus
1241 655 1388 695 gravius3

922 703 1040 736 Striete
1065 711 1180 742 corpus
1203 705 1293 734 tensa
1316 702 1400 743 lene,

922 752 1031 793 Pollis,
1057 750 1149 783 nervi
1168 753 1241 781 sunt
1267 752 1300 781 et
1324 758 1434 789 venae,

969 799 1055 839 Ergo
1082 807 1175 830 sonas
1200 797 1339 830 suavius.

888 900 895 906 .
922 874 1033 907 Multis
1058 874 1151 906 malis
1176 883 1245 905 sum
1268 873 1402 912 innisus,

922 922 986 955 Sed
1011 931 1066 955 oro
1094 921 1135 953 de
1158 924 1191 953 te
1216 920 1363 961 confisus,

969 970 1017 1003 Ut
1040 970 1081 1002 ab
1106 969 1157 1001 his
1181 969 1345 1008 excorier3

922 1017 1171 1058 circumquaque
1196 1017 1401 1048 circumcisus

920 1065 992 1097 Hoc
1015 1064 1052 1097 fit
1076 1064 1153 1096 mihi
1177 1064 1358 1104 paradisus,

966 1112 1013 1145 Ut
1036 1113 1083 1144 sic
1106 1121 1206 1144 novus
1231 1112 1359 1152 glorier.

568 1178 600 1210 8.
627 1177 651 1210 O
677 1177 721 1208 mi
744 1179 837 1217 pater
861 1177 1000 1218 pietatis,

626 1224 766 1264 Adjutor
791 1225 990 1256 necessitatis

678 1272 770 1304 Omni
794 1272 826 1303 in
852 1272 1004 1312 periculo,

628 1319 745 1351 Hostes
769 1320 854 1359 pelle
878 1320 1047 1359 pravitatis

626 1366 672 1397 Et
694 1375 746 1397 me
769 1367 841 1399 loca
863 1376 933 1398 cum
957 1367 1060 1399 beatis

672 1415 711 1446 In
736 1415 847 1446 mortis
873 1415 1017 1447 articulo.

257 1478 335 1507 Orat.
357 1489 409 1508 ms.
432 1479 593 1515 Campense
612 1480 683 1508 anni
705 1477 787 1507 1462.
809 1479 878 1508 Cod.
898 1481 1114 1509 Darmstadien.
1136 1479 1201 1508 521.

600 1610 661 1642 160.
698 1611 741 1642 De
761 1612 868 1642 sancto
889 1610 1063 1643 Benedicto.

204 1717 210 1723 .
237 1687 421 1728 Benedicte‚
447 1689 561 1731 legifer

284 1741 316 1770 et
341 1739 405 1771 dux
428 1738 663 1781 monachorum,

236 1786 294 1825 Qui
318 1786 448 1818 nescisti
472 1785 629 1817 lubricum

286 1833 320 1865 in
346 1832 462 1866 delicto
487 1833 622 1874 thorum,

234 1881 334 1913 Posce
355 1880 433 1913 mihi
457 1881 580 1913 veniam

280 1929 434 1961 scelerum
458 1937 609 1970 meorum,

237 1976 354 2008 Tecum
378 1978 415 2009 ut
438 1976 616 2016 possideam

283 2024 394 2057 choros
420 2024 601 2058 electorum.

860 1693 891 1726 3.
919 1689 1056 1726 Nursiae
1079 1692 1248 1732 provincia

967 1740 1106 1772 Coclitus
1132 1742 1260 1771 exortus

916 1788 1098 1828 Factusque
1122 1787 1340 1820 claustralium

962 1835 1189 1867 Fluctuantum
1214 1838 1337 1877 portus,

915 1884 953 1916 In
975 1883 1037 1915 Dei
1063 1882 1235 1916 dilectione

961 1931 1060 1963 Totus
1086 1939 1119 1962 es
1145 1931 1338 1973 absorptus;

916 1979 979 2011 Per
1003 1981 1036 2010 te
1060 1986 1111 2010 me
1133 1978 1285 2011 laetificet

963 2035 1002 2058 ex
1025 2026 1132 2059 Maria
1155 2029 1253 2060 ortus.

855 2102 887 2136 4.
913 2099 1043 2135 Etatem
1069 2102 1116 2135 sic
1140 2106 1283 2137 teneram

962 2151 1104 2185 moribus
1129 2152 1285 2195 transisti,

916 2198 1084 2239 Voluptati
1108 2200 1249 2231 animum

964 2247 1108 2288 nullique
1133 2248 1262 2289 dedisti,

916 2293 1107 2328 Vastitatem
1133 2296 1232 2328 eremi

962 2352 1043 2383 puer
1067 2343 1227 2385 introisti3

915 2390 993 2431 Fac,
1019 2400 1070 2424 me
1094 2390 1182 2424 ferre
1203 2393 1324 2433 jugiter

962 2448 1060 2472 suave
1080 2439 1191 2480 jugum
1217 2440 1351 2477 Christi.

201 2123 208 2130 .
235 2096 287 2132 Ex
310 2099 410 2132 divini
433 2100 582 2140 germinis

279 2148 434 2188 Irrigatus
459 2157 532 2179 rore

235 2194 404 2234 Reliquisti
428 2196 588 2227 saeculum

282 2243 403 2275 Puerili
426 2241 514 2283 flore:

238 2288 328 2321 Viam
351 2290 413 2323 Dei
437 2291 602 2323 ambulans

279 2337 319 2368 In
344 2338 462 2370 Christi
485 2339 618 2379 timore3

235 2383 302 2416 Fac
325 2389 362 2416 ut
386 2386 465 2417 coeli
488 2386 615 2419 videam

281 2432 398 2473 Regem
423 2433 457 2466 in
482 2434 607 2472 decore,
