1653 2668
186 454 240 486 14.

187 863 241 895 15.

186 1273 242 1306 16.

187 1682 238 1715 17.

183 2083 238 2117 18.

720 135 952 172 „20-

269 233 352 274 Ipse,
379 234 433 274 qui
458 235 582 266 creator
606 236 664 275 est,

315 282 386 322 ipse
411 284 565 321 creatura,

269 329 387 370 Ligans
413 328 577 361 dissimilia

315 377 423 409 stabili
444 377 602 416 junctura.

265 452 368 485 Taceo
393 453 582 493 particulam

314 500 446 542 virginis
473 501 593 541 beatae,

266 548 340 580 Non
365 548 560 589 originaliter

316 597 419 628 carnis
445 596 603 637 obligatae

266 643 335 675 Nec
357 644 391 675 in
414 643 530 675 lumbis
555 642 706 676 Abrahae

315 691 472 731 quondam
497 691 681 731 decimatae,

264 738 360 771 Unde
384 738 464 771 Levi
487 739 589 778 major
614 742 663 770 est

314 786 433 819 Christi
459 786 623 827 dignitate.

268 862 359 895 Haec
383 862 476 894 simul
499 862 533 894 in
559 863 664 895 omnia

312 909 381 942 Deo
406 911 539 949 counita,

266 958 347 990 Inde
370 958 582 998 personaliter

312 1014 375 1037 una
400 1006 509 1037 mundi
535 1007 610 1046 vita,

266 1052 365 1085 Fides
389 1053 436 1085 ita
458 1053 634 1094 praedicat,

314 1099 393 1132 fides
419 1100 523 1133 credit
545 1102 601 1141 ita,

265 1148 408 1180 Haereat
430 1148 464 1180 in
488 1148 620 1188 perfidis

314 1195 454 1228 haeresis
478 1196 592 1236 sopita.

266 1271 397 1304 Habens
424 1280 550 1304 carnem
574 1274 709 1306 similem

314 1320 401 1351 carni
426 1321 607 1363 peccatrici,

264 1367 414 1399 Formam
438 1368 523 1399 servi
546 1367 742 1408 praeferens,

312 1415 455 1447 habitum
478 1416 627 1457 mendici,

250 1463 309 1502 Qui
333 1462 366 1494 in
393 1463 465 1495 dolo
490 1464 610 1503 repulit

317 1510 423 1542 dolum
446 1511 577 1551 inimici,

266 1558 345 1590 Tale
368 1558 488 1590 bellum
511 1558 635 1599 perfido

314 1606 421 1639 decuit
443 1607 553 1641 indici.

266 1682 342 1715 Cum
368 1683 401 1714 in
426 1682 528 1715 Deum
554 1684 710 1716 hominem

311 1730 399 1762 misit
422 1731 522 1763 hostis
545 1741 683 1773 manum,

267 1778 310 1811 Ut
335 1782 477 1811 moveret
500 1780 658 1821 stabilem,

309 1825 486 1859 infirmaret
506 1836 627 1868 sanum,

263 1873 297 1906 Si
322 1874 399 1913 quid
421 1875 503 1914 juris
527 1875 640 1908 habuit

310 1922 345 1954 in
369 1931 467 1963 genus
491 1923 672 1965 humanum,

263 1970 523 2003 Irrevocabiliter

311 2017 391 2050 abiit
412 2018 446 2051 in
470 2029 596 2052 vanum.

265 2085 289 2118 O
315 2094 422 2126 pugna
445 2086 612 2126 mirabilis,

311 2142 329 2164 o
354 2133 542 2173 trophaeum
569 2135 708 2176 dignum,

261 2180 373 2220 Agnus
397 2180 508 2222 lupum
531 2182 670 2224 perimit,

310 2229 462 2262 innocens
485 2231 669 2272 malignum,

263 2276 323 2316 Qui
349 2286 409 2317 per
432 2277 554 2319 lignum
577 2278 709 2318 vicerat,

311 2324 415 2356 victus
440 2329 489 2357 est
511 2335 571 2365 per
595 2326 725 2367 lignum,

265 2373 354 2412 Quod
380 2376 428 2404 est
452 2376 557 2405 terror
582 2374 729 2415 hostium,

313 2420 396 2459 quod
423 2424 471 2452 est
494 2421 580 2453 vitae
604 2420 737 2462 signum.

869 233 922 266 19.

866 645 921 676 20.

866 1056 921 1088 21.

865 1468 920 1500 22.

866 1875 920 1907 23.

866 2281 920 2315 24.

949 232 1134 266 Infirmatui·
1155 233 1307 275 medicus,

982 283 1074 313 sanet
1096 283 1134 312 ut
1157 285 1329 322 aegrotum,

948 328 1020 361 Non
1045 338 1105 369 per
1128 330 1265 370 quinque
1288 331 1431 370 porticus

995 384 1056 409 nec
1079 385 1138 416 per
1161 386 1263 418 aquae
1286 381 1416 418 motum,

950 424 1014 457 Sed
1038 425 1072 456 in
1098 433 1173 457 vase
1197 422 1305 466 fragili

997 474 1028 503 et
1052 472 1086 504 in
1109 475 1202 512 parte
1226 475 1337 514 totum,

949 519 1097 552 Proximo
1121 520 1239 560 parieti

997 568 1125 608 copulat
1148 571 1314 602 remotum.

948 643 1068 682 Incipit
1090 644 1124 675 in
1149 645 1275 676 saeculo

996 690 1101 723 factor
1126 691 1333 733 saeculorum,

948 739 1041 772 Vitae
1065 740 1158 779 panis
1184 739 1293 779 esurit,

994 787 1063 819 sitit
1086 785 1158 818 fons
1183 787 1356 828 hortorum,

947 834 1060 867 Noctis
1085 843 1192 866 somno
1219 835 1378 867 clauditur

996 883 1105 915 oculus
1132 891 1307 923 caecorum,

945 929 1040 962 Plebi
1064 929 1103 962 fit
1126 930 1262 970 abjectio

998 979 1093 1011 decus
1119 978 1313 1018 angelorum.

949 1055 1002 1087 Sol
1024 1054 1058 1086 in
1083 1053 1168 1086 nube
1192 1055 1320 1095 tegitur,

1001 1102 1070 1134 dies
1095 1101 1293 1142 obscuratur,

948 1150 1107 1190 Trepidat
1129 1151 1294 1190 securitas,

995 1198 1097 1230 virtus
1122 1196 1310 1237 infirmatur,

946 1245 1128 1286 Disciplina
1153 1244 1306 1285 caeditur,

992 1295 1078 1326 salus
1103 1296 1298 1334 exsecratur,

948 1342 1024 1375 Vita
1049 1342 1137 1373 cruci
1160 1340 1277 1381 figitur,

991 1390 1071 1422 ordo
1096 1388 1313 1421 conturbatur.

946 1467 1065 1499 Parum
1089 1466 1182 1498 nobis
1206 1465 1360 1505 proderat

993 1514 1230 1554 redemptorem
1255 1513 1348 1552 mori,

951 1561 996 1594 Ni
1021 1562 1145 1594 rediret
1167 1561 1286 1593 iterum

993 1610 1061 1642 vita
1084 1609 1292 1649 redemptori,

945 1657 1046 1690 Liber
1068 1658 1154 1690 inter
1178 1660 1321 1690 mortuos

995 1705 1142 1738 redditur
1161 1705 1286 1745 honori,

945 1754 991 1786 Et
1014 1762 1034 1786 a
1060 1754 1182 1786 dextris
1206 1752 1329 1786 assidet

995 1805 1088 1834 natus
1112 1802 1258 1842 genitori.

947 1874 994 1908 Ut
1020 1873 1148 1906 divinae
1171 1876 1301 1906 resonat

995 1922 1112 1962 pagina
1135 1922 1325 1964 scripturae,

946 1971 1198 2003 Praecesserunt
1222 1973 1368 2010 tempora

994 2018 1074 2059 legis
1100 2021 1133 2050 et
1154 2020 1298 2060 naturae,

948 2066 986 2097 In
1008 2066 1146 2105 antiquis
1172 2066 1318 2105 patribus

998 2122 1130 2154 operum
1153 2112 1286 2154 figurae,

949 2161 1065 2193 Sensus
1091 2161 1266 2202 allegorici,

996 2209 1119 2249 species
1145 2210 1311 2244 obscurae.

947 2280 994 2314 Ut
1017 2291 1037 2313 a
1060 2281 1173 2321 primis
1199 2282 1308 2314 ordiar

995 2329 1108 2361 mundi
1131 2329 1332 2372 rudimentis,

947 2376 1004 2408 Fit
1029 2377 1069 2409 de
1094 2380 1184 2410 costa
1205 2377 1321 2409 mulier

999 2424 1088 2457 Adae
1114 2424 1311 2467 dormientis,
