1653 2668
714 139 953 176 „39-

177 241 208 273 3.
236 238 330 272 Stans
353 236 387 271 in
413 245 508 272 cruce
531 237 725 280 pependisti,
944 240 1002 282 Tu,
1030 238 1084 280 qui
1106 240 1251 272 nostrum
1276 238 1316 271 ob
1341 247 1482 274 amorem

233 287 297 321 Pro
320 294 373 319 me
397 286 581 327 sanguinem
607 284 730 326 fudisti,
945 286 1064 320 Suffers
1089 295 1223 328 poenam
1247 289 1279 318 et
1304 287 1455 329 dolorem,

233 336 332 375 Quem
357 343 377 367 a
399 337 503 368 morte
526 334 693 367 redemisti
944 337 1013 370 Fac
1037 334 1149 370 audire
1173 343 1231 368 nos
1257 335 1438 377 clamorem,

279 382 401 415 Dolens
425 382 641 423 amarissime3
992 384 1059 424 Quo
1084 382 1239 423 clamasti,
1266 383 1412 418 Domine.

232 431 297 464 Pro
321 431 465 471 peccatis
488 432 565 462 tuae
588 430 692 472 gentis

232 478 389 512 Membris
414 478 556 519 undique
583 478 742 519 distentis,

233 526 334 560 Totus
358 527 481 568 pendes
506 527 539 559 in
563 527 741 567 tormentis,

282 575 307 608 Ο
333 576 412 609 Jesu
438 574 631 609 dulcissime.

886 461 918 493 9.
944 460 1012 492 Fac
1037 469 1092 493 cor
1115 458 1269 500 sanguine
1293 460 1391 501 liniri,

946 509 1048 542 Gruce
1072 507 1125 540 fac
1150 508 1316 549 exinaniri,

945 556 1024 589 Tuis
1048 556 1152 597 plagis
1176 555 1311 597 amiciri,

994 603 1056 637 Cor
1080 603 1230 637 ardescat
1253 602 1415 648 funditus3

173 653 206 684 4.
232 650 327 684 Dona
351 651 430 683 mihi
455 661 511 684 cor
535 661 687 692 amarum,
945 652 1166 693 vulneratum,
1190 650 1398 693 perforatum,

235 698 331 739 Quasi
355 697 477 731 fontem
501 699 715 741 lacrimarum,
948 700 1165 742 cruentatum,
1187 700 1395 741 immolatum,

233 746 280 779 Ut
302 749 430 780 tuarum
454 748 515 780 sim
538 756 712 788 poenarum
946 745 1189 789 Inflammatum,
1215 748 1312 780 morti
1338 747 1458 790 datum,

282 795 451 835 Particeps
476 797 509 827 et
531 796 655 835 socius3
998 795 1053 828 Sic
1076 795 1263 836 absorptum
1288 796 1431 831 coelitus

238 842 301 875 Gor
324 846 486 884 pungatur
510 852 590 883 prae
616 843 727 876 dolore

234 889 281 923 Et
304 891 351 922 sic
375 890 528 931 languens
551 891 586 923 in
609 900 718 924 amore

235 938 304 971 Tuo
328 938 398 971 zelo
422 947 505 972 novo
529 948 619 972 more

307 986 357 1019 Sit
381 986 499 1019 ardens
523 986 668 1021 interius

864 871 920 907 10.
945 873 1103 906 Praesens
1127 873 1249 905 utinam
1274 871 1414 914 fuissem,

945 920 993 953 Ut
1015 921 1209 960 pendentem
1232 922 1267 952 te
1291 921 1454 965 vidissem,

944 968 1164 1001 Lamentando
1188 971 1222 1000 te
1245 966 1404 1001 flevissem

993 1016 1072 1049 Cum
1096 1018 1223 1049 sacrata
1248 1016 1390 1057 virgine3

175 1064 206 1095 5.
233 1062 292 1103 Tu,
320 1063 374 1103 qui
398 1072 488 1096 amor
512 1072 545 1095 es
570 1072 723 1104 amorum,
946 1064 993 1096 Te
1016 1062 1148 1097 fuissem
1174 1064 1402 1108 complexatus,

233 1110 294 1149 Qui
317 1109 409 1143 fuisti
433 1111 484 1145 vir
509 1111 664 1151 dolorum,
945 1111 1029 1143 Tuas
1054 1112 1167 1152 plagas
1192 1112 1363 1152 osculatus,

232 1157 295 1191 Pro
321 1167 372 1191 me
396 1159 511 1198 plenus
533 1161 764 1192 tormentorum
943 1159 1044 1192 Totus
1069 1158 1172 1192 forem
1195 1159 1376 1192 rubricatus

281 1205 430 1239 Pendens
450 1207 485 1239 in
510 1206 676 1247 angustia3
992 1207 1137 1240 Pretioso
1162 1207 1326 1249 sanguine.

230 1253 711 1342 ffipffigffssteffacfagedffgg’
861 1282 918 1318 11.
942 1284 991 1316 Te
1012 1281 1173 1316 flevissem
1193 1282 1402 1325 flagellatum,

942 1331 1022 1364 Dire
1046 1331 1140 1363 nimis
1166 1335 1375 1373 cruentatum,

942 1379 1091 1412 Derisive
1115 1384 1309 1421 coronatum,

992 1426 1057 1460 Sed
1082 1436 1199 1460 corona
1224 1428 1355 1469 spinea3

231 1350 302 1383 Tua
325 1353 430 1382 tecum
453 1353 579 1392 portem
604 1359 681 1384 vere

279 1397 423 1430 Maxima
448 1399 620 1440 supplicia.

174 1476 206 1509 6.
233 1475 292 1516 Tu,
320 1475 374 1516 qui
399 1474 521 1507 cunctis
548 1474 732 1517 dominaris,
943 1474 1150 1518 Derelictum,
1179 1476 1366 1516 desolatum,
1404 1498 1407 1501 -

232 1523 327 1556 Stans
352 1524 387 1555 in
411 1531 505 1555 cruce
528 1522 720 1565 lacrimaris,
942 1523 1046 1555 Tuum
1071 1525 1168 1563 caput
1189 1523 1388 1564 inclinatum,

234 1570 449 1604 Contristatus
476 1571 639 1611 cruciaris,
942 1570 1058 1603 Pectus
1085 1571 1154 1604 dire
1179 1571 1359 1604 lanceatum

281 1619 306 1652 O
332 1617 405 1651 fons
430 1619 650 1660 innocentiae;
990 1618 1128 1652 Militari
1152 1619 1273 1652 lancea.

231 1666 284 1701 Ibi
310 1666 440 1708 dormis,
467 1668 551 1700 alme
574 1667 674 1708 Deus,
861 1692 917 1726 12.
944 1692 969 1724 Ο
995 1699 1047 1722 me
1070 1691 1192 1724 utinam
1216 1691 1334 1726 ‘Iudaei

231 1716 294 1748 Pro
319 1724 371 1747 me
393 1724 518 1755 passae,
546 1716 601 1756 qui
624 1724 695 1747 sum
717 1723 801 1757 reus,

230 1765 342 1798 Justus
366 1772 456 1796 meus
481 1763 658 1805 Nazareus,

279 1811 384 1845 cubas
409 1811 443 1843 in
467 1812 613 1844 meridie.

943 1739 1217 1772 Condemnassent
1240 1739 1333 1780 hujus
1357 1739 1415 1782 rei,

942 1787 1126 1820 Sociassent
1148 1796 1200 1819 me
1224 1787 1272 1820 sic
1297 1789 1327 1820 ei

991 1834 1123 1876 Sumpto
1147 1834 1233 1868 fellis
1257 1837 1391 1880 poculo;

173 1886 204 1919 7.
230 1885 365 1918 Possum
389 1884 485 1917 valde
508 1884 622 1925 procul
645 1883 704 1926 ire,
941 1883 1174 1924 Adspexissem
1198 1892 1306 1917 sacras
1331 1893 1439 1927 venas,

232 1931 326 1965 Mare
349 1935 453 1965 terras
479 1932 625 1974 circuire,
945 1931 1071 1966 Coelico
1098 1941 1210 1965 cruore
1234 1933 1357 1975 plenas,

230 1979 300 2013 Nec
323 1983 357 2013 te
378 1989 510 2021 possum
533 1980 688 2026 invenire,
942 1981 988 2013 Et
1011 1989 1173 2014 ornassem
1199 1989 1286 2013 meas
1311 1991 1409 2023 genas

279 2029 299 2062 J
303 2037 358 2061 esu
380 2029 437 2061 lux
464 2029 650 2070 clarissima,
991 2029 1029 2061 In
1057 2029 1178 2062 cruoris
1202 2030 1318 2066 1ivulo,

232 2075 276 2109 Ni
298 2077 332 2109 in
357 2077 425 2110 sola
451 2078 553 2110 crucis
578 2087 645 2118 ara,

230 2125 269 2158 I'n
294 2134 357 2165 qua
380 2134 492 2166 passus
518 2135 551 2158 es
576 2135 695 2167 amara,

231 2172 303 2214 Via,
331 2174 450 2206 veritas
474 2176 644 2215 praeclara

276 2221 322 2254 Et
346 2222 414 2256 vita
435 2222 629 2259 dulcissima,

861 2102 916 2137 13.
943 2101 997 2135 Sic
1021 2111 1072 2134 me
1096 2110 1203 2134 secum
1229 2101 1414 2135 crucifixum

944 2150 1194 2191 Suspendissent
1216 2158 1315 2191 penes
1337 2152 1455 2195 ipsum,

942 2199 994 2232 Ibi
1016 2201 1142 2239 tempus
1166 2207 1228 2239 per
1249 2200 1410 2239 prolixum

991 2246 1135 2280 Stantem
1159 2247 1194 2279 in
1217 2249 1383 2289 martyrio,

171 2296 203 2330 8.
229 2293 409 2328 Redemisti
431 2304 489 2328 nos
513 2295 625 2328 labore
944 2296 1081 2329 Nostras
1105 2296 1217 2329 sordes
1242 2295 1441 2339 abluentem„

231 2343 309 2377 Cum
334 2343 509 2385 sanguineo
533 2344 650 2377 sudore
942 2345 988 2379 Ut
1014 2344 1156 2378 salvaret
1179 2353 1303 2378 omnem
1327 2349 1463 2389 gentem,

228 2392 432 2428 Lacrimatus
458 2401 530 2425 cum
554 2393 695 2426 clamore
941 2393 1058 2426 Totum
1082 2394 1267 2434 sanguinem
1290 2393 1478 2429 fundentem

275 2441 388 2484 Longo
415 2441 609 2475 cruciamine
619 2454 627 2484 ;
992 2441 1106 2483 Gordis
1132 2442 1302 2477 desider-io.
