1653 2668
172 2176 227 2209 10.

607 239 647 270 17.
686 239 730 270 De
748 238 894 271 Passione
912 237 1044 270 Domini.

220 346 229 354 .
253 320 334 359 Ave,
360 322 434 352 nate
457 319 518 353 Dei
543 318 618 359 vivi,

250 366 301 399 De
325 376 385 407 quo
410 366 496 407 quini
519 365 623 398 fluunt
645 365 718 409 rivi,

252 414 345 447 Divis
370 414 464 446 stillis
490 414 656 454 cruentati,

254 461 341 494 Rore
364 470 536 502 poenarum
560 461 674 502 potati,

218 542 228 551 .
253 520 334 559 Ave,
360 519 473 552 vulnus
497 518 677 559 salvatoriS,

254 566 345 607 Quod
370 566 524 599 cervicem
547 565 758 606 peremptoris

257 613 441 647 Contrivisti
462 614 496 645 in
521 613 612 646 Thau
636 613 736 656 signo,

255 661 394 695 Mortem
419 661 548 694 vincens
573 661 658 693 vitae
682 661 778 702 ligno.

224 743 231 752 .
256 719 335 761 Ave,
361 718 476 751 vulnus
503 719 635 751 dextrae
658 726 780 757 manus,

255 767 318 799 Per
332 766 415 805 quod
428 768 557 798 nostrae
568 767 679 806 culpae
686 767 797 798 hamus

254 814 316 846 Est
345 812 518 854 disruptus,
544 822 638 853 quem
654 814 688 846 in
703 822 798 854 pomo

254 861 379 894 Primus
412 861 540 902 glutivit
562 862 669 894 Adam
694 862 796 894 homo.

255 920 336 960 Ave,
362 918 476 950 vulnus
501 928 612 951 manus
636 919 758 959 laevae,

256 966 319 998 Per
342 966 427 1006 quod
451 966 569 999 scalam
596 967 677 999 lucis
702 975 799 1003 aevae

256 1012 358 1046 Nobis
382 1013 436 1054 pie
460 1013 638 1054 ostendisti,

254 1061 339 1094 Dum
364 1064 396 1092 te
419 1060 473 1101 figi
497 1062 709 1103 spopondisti.

223 1143 232 1152 .
257 1118 338 1157 Ave,
364 1118 478 1150 vulnus
505 1118 611 1151 dextri
633 1119 736 1159 pedis,

256 1164 347 1205 Quod
370 1165 413 1197 ad
430 1165 529 1198 vit-am
545 1166 690 1199 coelestis
707 1166 797 1199 aedis

254 1212 340 1245 Hinc
363 1222 420 1245 nos
446 1213 535 1246 ducis
561 1214 750 1255 consolatos,

254 1260 339 1293 Fide
365 1260 482 1293 Christi
505 1262 717 1302 praesulatos,

255 1318 335 1357 Ave,
362 1318 474 1350 vulnus
498 1318 591 1359 pedis
615 1319 709 1359 laevi,

256 1366 320 1398 Per
344 1365 428 1406 quod
447 1365 615 1398 daemones
631 1365 797 1399 fraudaevi

257 1413 462 1454 corruerunt,
487 1412 599 1446 flentes
624 1414 672 1446 rei

256 1460 320 1492 Sed
344 1470 401 1492 nos
427 1460 490 1493 dati
516 1464 646 1493 sanctae
669 1462 748 1502 spei.

221 1541 228 1549 .
254 1517 334 1557 Ave,
362 1517 480 1550 Christi
506 1527 619 1559 eorpus
644 1522 779 1562 gratum,

253 1564 352 1598 Duris
375 1565 479 1606 plagis
505 1566 714 1608 vulneratum,

253 1613 316 1645 Per
341 1612 401 1645 hoc
418 1617 654 1647 sacrosanctum
671 1624 797 1648 caesum

255 1661 327 1693 Duc
350 1670 418 1701 nOS,
444 1670 512 1702 rex,
537 1663 579 1695 ad
601 1662 669 1703 poli
690 1672 788 1698 esum.

221 1742 229 1751 .
254 1718 334 1759 Ave,
361 1719 487 1758 sanguis
513 1728 675 1763 generose,

254 1764 341 1797 Fons
369 1766 507 1799 dulcoris
531 1767 681 1810 pretiose,

255 1813 352 1853 Rigas
376 1822 434 1845 nos
458 1815 648 1848 contritione

254 1860 368 1894 Cordis
393 1870 432 1894 ac
457 1863 632 1898 devotione.

218 1943 227 1952 .
253 1919 366 1959 Avete,
391 1928 447 1951 vos
471 1920 587 1960 plagae
611 1920 707 1954 binae

254 1967 455 1999 Ducentinae
478 1968 567 2001 mille
591 1968 706 2009 quinae

254 2014 362 2047 Minus
385 2024 459 2057 una,
485 2020 700 2057 purpurantes

257 2061 379 2102 Corpus
403 2064 488 2105 regis
513 2066 546 2095 et
568 2065 719 2105 rigantes.

556 2118 572 2135 ak

393 2115 410 2132 *

474 2138 491 2157 ,ιε

255 2176 365 2221 Sputa,
392 2187 472 2219 quae
496 2181 529 2211 te
554 2178 773 2222 foedaverunt,

253 2224 373 2258 Nostra
396 2229 530 2267 peccata
553 2228 702 2261 laverunt

300 2272 423 2307 Piando
448 2275 629 2318 salubriter,

252 2320 387 2361 Alapae,
412 2331 492 2362 quae
516 2325 549 2355 te
574 2325 767 2367 ceciderunt,

256 2368 407 2401 Omnibus
431 2376 677 2411 promeruerunt

304 2416 420 2450 Vivere
444 2417 591 2457 feliciter,

855 319 909 352 11.

856 628 912 662 12.

859 938 913 973 13.

858 1249 913 1282 14.

857 1871 912 1905 16.

856 2327 912 2361 17.

934 319 1014 357 Ave,
1040 316 1224 359 flagellatio,

936 366 1048 398 Totius
1074 366 1251 397 cruentatio

984 413 1135 453 Corporis
1159 413 1181 446 J
1184 421 1239 445 esu
1264 411 1404 451 Christi3

937 460 1057 493 Nostra
1082 460 1255 493 consolatio

940 507 990 540 Sis
1016 511 1048 540 et
1071 507 1221 540 liberatio

981 556 1013 589 A
1037 564 1116 588 nece
1133 555 1309 596 praetristi.

939 627 1094 668 Alligaris
1119 629 1253 669 statuae,

937 675 1127 708 Verberaris
1151 677 1281 708 strenue

983 723 1086 756 Manu
1109 723 1292 765 impiorum,

938 771 963 803 O
990 771 1124 814 Christe,
1150 780 1244 811 quam
1268 771 1390 804 arduae

938 818 1058 859 Plagae
1082 821 1157 851 sunt
1182 822 1215 851 et
1236 822 1366 851 mutuae

988 867 1051 899 Per
1079 875 1194 907 corpus
1220 867 1380 899 decorum.

939 939 1003 971 Per
1028 938 1155 978 plantas
1181 941 1214 970 et
1236 939 1400 978 verticem,

939 985 1065 1027 Digitos
1091 988 1124 1017 et
1146 986 1297 1026 pollicem

988 1033 1107 1066 Salutis
1133 1042 1227 1066 cruor
1249 1037 1368 1075 manat,

938 1081 1036 1114 Dorsi
1060 1080 1271 1122 superficiem,

939 1129 999 1168 Qui
1020 1131 1120 1161 totam
1144 1129 1313 1169 planitiem

987 1176 1100 1210 Carnis
1127 1177 1195 1217 ejus
1219 1177 1310 1213 lavit.

937 1249 1019 1290 Ave,
1045 1249 1209 1289 spinarum
1232 1249 1374 1290 punctio,

934 1297 986 1330 De
1009 1306 1072 1337 qua
1094 1295 1166 1329 fluit
1188 1296 1297 1330 unctio

985 1343 1102 1377 Mundi
1125 1345 1296 1387 medicina,

938 1391 989 1424 Sis
1016 1392 1121 1425 cordis
1148 1392 1348 1433 compunctio

938 1439 983 1472 Et
1006 1439 1071 1472 oris
1098 1440 1237 1481 devotio,

986 1488 1011 1521 O
1037 1487 1132 1520 beata
1156 1489 1259 1530 spina.

904 1586 912 1593 .
937 1559 1141 1592 Distillantes
1165 1560 1264 1593 rivuli

937 1608 1003 1640 Pro
1028 1608 1132 1640 salute
1156 1607 1268 1649 populi

985 1655 1037 1687 De
1062 1655 1168 1696 capite
1194 1655 1352 1689 dominico

938 1704 1145 1736 Peccatorum
1172 1703 1297 1744 tumuli,

938 1750 1130 1784 Meritorum
1155 1751 1282 1793 cumuli,

984 1799 1083 1832 Fiant
1106 1799 1310 1841 supplicatio.

940 1870 1078 1912 Salvete,
1103 1880 1161 1904 vos
1187 1872 1270 1905 clavi
1294 1872 1396 1915 rubri,

936 1920 999 1952 Pro
1022 1923 1134 1952 nostra
1157 1921 1225 1952 vita
1249 1921 1373 1953 salubri

986 1966 1083 1999 Infixi
1104 1967 1252 2010 feliciter,

939 2015 964 2048 O
991 2015 1074 2048 clavi
1095 2016 1257 2056 praeclari

941 2062 1060 2095 Christi
1083 2064 1146 2096 Dei
1171 2065 1249 2105 cari,

986 2112 1051 2144 Vos
1076 2121 1132 2144 oro
1157 2112 1358 2154 suppliciter,

939 2158 987 2191 Ut
1008 2167 1061 2190 me
1083 2160 1255 2200 jucundari

939 2205 1041 2240 Simul
1066 2210 1099 2240 et
1123 2208 1213 2241 beari

985 2256 1111 2290 Juvetis
1136 2255 1287 2291 feliciter.

939 2325 1035 2360 Salve
1057 2327 1226 2369 lanceatio,

939 2374 1067 2407 Lateris
1091 2375 1268 2417 perforatio

990 2423 1104 2458 Nostri
1127 2424 1356 2466 redemptoris,
