1653 2668
736 145 996 181 —233—

206 238 239 270 3.
267 236 400 277 Gaecos,
424 241 540 280 mutos,
568 239 689 273 debiles

205 593 238 626 1.

199 990 230 1021 μ’)

313 284 359 318 Et
383 286 515 319 claudos
537 289 661 329 juvisti,

263 332 368 365 Deum
394 337 427 366 et
452 336 629 379 ecclesiam,

312 381 421 423 Virgo,
450 383 603 417 dilexisti.

900 246 931 277 4.
956 244 1120 277 Fraudem
1145 247 1177 277 et
1200 245 1375 286 nequitiam

1008 293 1057 325 Tu
1082 294 1175 326 nimis
1202 294 1309 335 odisti,

958 340 1043 373 Para
1064 342 1155 374 nobis
1181 342 1325 383 gloriam,

1006 389 1105 428 Quam
1130 393 1166 422 tu
1190 390 1343 423 meruisti.

283 447 364 475 Orat.
385 457 440 476 ms.
459 449 626 479 Praedicat.
647 459 723 479 saec.
747 449 790 480 15.
812 452 883 481 Coa.
903 453 1068 482 Londinen.
1089 455 1173 484 Harl.
1194 453 1278 483 2445.

671 535 732 567 216.
773 537 818 568 Dc
841 538 949 569 sancto
967 537 1064 570 Sixto.

265 594 346 632 Ave,
375 597 469 634 pater
495 599 528 628 et
553 597 690 637 domine,

264 642 365 684 Sixtc,
392 645 427 674 te
452 643 514 676 Dei
537 644 665 677 nomine

262 690 415 732 Imploro,
444 700 485 723 ne
508 701 560 724 me
588 692 728 733 deseras,

261 737 326 770 Sed
343 747 402 778 pro
428 748 479 771 me
503 748 617 780 preces
643 740 767 774 offeras.

259 785 439 827 Altissimo,
466 797 507 820 ne
532 796 672 829 peream,

260 833 325 867 Sed
349 834 496 868 hostibus
521 837 726 876 praevaleam

261 881 390 915 Cunctis
418 887 448 915 et
473 884 507 916 in
532 884 704 917 virtutibus

258 928 322 963 Per
347 933 379 962 te
404 941 561 972 perorner
587 933 742 965 omnibus.

257 989 340 1029 Ave,
365 991 460 1029 pater
485 990 587 1022 omnis
612 990 710 1031 orbis,

256 1037 315 1069 Pie
341 1036 442 1078 Sixte,
468 1038 568 1078 adsis,
593 1038 714 1070 morbis

260 1084 390 1117 Nostris
415 1085 470 1125 pie
493 1086 657 1126 miserere,

259 1132 328 1165 Fac
353 1135 490 1173 utroque
514 1143 572 1166 nos
598 1134 739 1174 gaudere

257 1181 294 1213 In
320 1181 427 1213 anima
452 1184 485 1213 et
511 1190 647 1222 corpore

254 1228 350 1261 Nunc
375 1231 408 1260 et
431 1229 465 1261 in
488 1231 574 1262 omni
597 1232 753 1270 tempore,

258 1277 323 1310 Sed
348 1277 524 1317 praecipue
548 1279 689 1318 peccatis

257 1327 288 1358 A
308 1325 403 1357 nobis
427 1326 544 1366 procul
567 1325 697 1366 fugatis.

222 1408 230 1415 .
256 1383 337 1422 Ave,
366 1383 464 1414 decus
491 1383 658 1422 Graeciae,

254 1431 332 1463 Flos
359 1433 488 1463 exortus
514 1431 555 1464 ab
579 1431 727 1472 Athenis,

254 1479 350 1511 Prius
375 1479 601 1519 philosophiae

254 1527 403 1567 Scriptis,
430 1527 542 1560 mundi
565 1527 693 1568 pompis
715 1528 830 1571 plenis,

254 1575 355 1615 sixte,
383 1575 437 1615 qui
462 1573 610 1615 floruisti,

255 1623 321 1656 Sed
345 1623 433 1664 ipsas
458 1623 618 1664 reliquisti

252 1672 363 1713 Teque
388 1671 562 1704 subdidisti

253 1719 352 1753 Suavi
375 1720 452 1760 jugo
479 1719 610 1754 Christi.

256 1779 337 1818 Ave,
366 1778 469 1810 dulcis
494 1778 631 1818 domine,

253 1826 329 1859 Tibi
352 1826 445 1866 cupio
469 1826 611 1870 placere,

254 1875 340 1907 Hinc
360 1875 394 1906 in
420 1875 499 1908 Jesu
522 1874 652 1907 nomine

955 599 1002 631 Tc
1025 609 1132 641 exoro,
1157 600 1310 633 miserere

954 647 1049 679 Nunc
1072 648 1151 680 mihi
1175 650 1348 689 peccatori,

956 694 1016 734 Qui
1041 696 1101 728 tibi
1126 705 1239 737 preces
1266 695 1377 737 fundo,

954 742 1028 775 Non
1051 753 1101 776 mc
1125 744 1294 785 permittas
1318 746 1401 778 mori

953 791 1163 824 Peccatorum
1188 791 1359 832 profundo.

897 848 927 880 5.
950 848 1031 890 Ave,
1058 848 1148 881 Sixte
1169 850 1359 892 peroptime,

953 896 1031 929 Post
1055 898 1186 930 Petrum
1211 906 1297 938 papa
1322 899 1466 941 septime,

955 943 1019 976 Per
1039 954 1132 985 quem
1157 947 1325 985 septenum
1348 955 1513 978 numerum

954 992 992 1024 In
1017 994 1050 1024 te
1077 993 1227 1025 virtutum
1254 994 1414 1026 cumulum

954 1039 1154 1080 Completum
1179 1049 1248 1072 esse
1273 1042 1429 1080 novimus,

952 1086 1048 1120 Unde
1075 1091 1176 1130 poteS,
1204 1089 1288 1128 quod
1312 1090 1461 1131 petimuS,

953 1134 1054 1167 Nobis
1079 1138 1112 1167 et
1136 1136 1258 1168 cunctis
1284 1137 1422 1170 subditis

953 1183 1113 1215 Prodesse
1138 1184 1258 1215 sanctis
1283 1186 1417 1220 meritis,

917 1266 924 1273 .
951 1240 1031 1281 Ave,
1058 1244 1185 1281 martyr
1208 1244 1239 1272 et
1264 1242 1421 1282 pontifex,

949 1288 1113 1321 Virtutum
1136 1291 1251 1329 potens
1277 1289 1405 1330 artifex,

948 1335 1049 1378 Sixte,
1075 1337 1205 1377 praesul
1228 1337 1452 1379 Romanorum,

950 1384 1037 1416 Hinc
1060 1383 1203 1417 fidelium
1230 1389 1425 1429 cunctorum,

950 1432 1015 1465 Sed
1040 1433 1132 1465 nobis
1158 1433 1318 1474 specialis,

950 1480 1011 1519 Qui
1038 1481 1181 1521 degimus
1207 1481 1265 1513 sub
1292 1482 1350 1513 alis

948 1528 1036 1568 Tuis,
1063 1529 1132 1569 quis
1158 1527 1373 1572 confovemur,

947 1576 1082 1617 Adesto,
1108 1586 1150 1609 ne
1172 1577 1367 1609 damnemur.

915 1659 922 1666 .
948 1634 1029 1675 Ave,
1056 1633 1146 1666 Sixte
1170 1633 1276 1677 beate,

948 1681 1136 1715 Praedulcis
1163 1685 1195 1714 et
1219 1685 1333 1723 amate,

949 1729 1010 1768 Qui
1034 1730 1094 1762 tibi
1120 1730 1349 1771 supplicamus,

947 1778 1016 1811 Fac
1040 1781 1145 1811 tecum
1170 1779 1364 1819 gaudeamus

948 1826 986 1858 In
1010 1828 1140 1859 summis
1167 1827 1327 1859 coelorum

946 1875 1011 1907 Per
1037 1876 1166 1908 saecula
1197 1876 1407 1909 saeculorum.

273 1940 343 1968 Cod.
364 1940 459 1967 Palat.
480 1941 688 1970 Vindobonen.
709 1938 758 1976 (ol.
781 1938 927 1976 Chimen.)
945 1938 1030 1969 4724.
1052 1950 1128 1970 saec.
1152 1939 1196 1968 14.

642 2023 702 2055 217.
742 2024 787 2056 De
807 2023 975 2057 Sororibus
997 2024 1085 2056 BMV.

215 2112 222 2119 .
249 2087 274 2121 O
301 2086 410 2119 nobile
436 2087 605 2128 collegium

252 2136 444 2182 Sanctarum
469 2144 615 2168 sororum
639 2135 749 2177 trium,

300 2183 422 2225 Quibus
447 2193 562 2216 nomen
589 2185 639 2216 est
662 2184 780 2225 Maria,

251 2233 402 2265 Vestrum
428 2235 574 2265 sanctum
598 2231 783 2274 suffragium

249 2280 393 2322 Imploro
419 2280 462 2313 ad
486 2280 684 2321 praesidium

293 2331 333 2364 In
357 2329 421 2361 ista
446 2330 604 2370 angustia.

248 2390 337 2430 Quae
362 2387 425 2420 erit
450 2387 578 2421 Christo
602 2387 725 2429 gratior

249 2439 317 2471 Aut
343 2445 426 2477 quae
451 2436 514 2469 sibi
540 2437 712 2481 acceptior,

296 2487 397 2527 Quam
423 2485 464 2518 sit
490 2489 600 2519 vestra
624 2486 737 2530 oratio,

947 2087 1047 2119 Nulla
1071 2087 1132 2120 sibi
1159 2088 1366 2131 conjunctior,

948 2135 1048 2168 Nulla
1072 2136 1134 2168 sibi
1158 2137 1347 2178 proximior,

998 2184 1099 2223 Quam
1126 2184 1169 2217 sit
1192 2187 1302 2218 vestra
1328 2185 1483 2227 cognatio

890 2243 921 2275 3.
949 2242 998 2274 Tu
1023 2242 1095 2281 sibi,
1121 2242 1223 2286 virgo,
1249 2246 1352 2277 mater
1377 2253 1420 2289 es,

950 2290 1032 2323 Inde
1057 2290 1120 2324 sibi
1144 2292 1230 2332 quod
1255 2292 1404 2335 imperes,

994 2339 1038 2372 Et
1064 2344 1199 2373 naturae
1226 2341 1282 2374 dat
1304 2343 1409 2383 rati0;

948 2388 1014 2420 Vos
1039 2397 1117 2422 vero
1145 2388 1227 2421 duae
1251 2393 1377 2424 ceterae

945 2436 1036 2469 Estis
1061 2438 1129 2478 ejus
1151 2440 1353 2482 materterae,

995 2486 1021 2519 O
1047 2496 1141 2528 quam
1166 2487 1278 2529 ingens
1303 2488 1437 2523 affectio.
