1653 2668
695 139 955 176 —117—

168 236 224 271 14.
250 234 371 271 Arcam
398 235 469 269 Noe
494 236 665 271 fabricavit

295 284 359 317 Sed
387 285 428 318 de
452 285 547 326 lignis
573 286 730 330 levigatiS,

246 333 453 367 Fabricatam
478 334 673 368 subintravit

297 381 375 415 Cum
400 391 501 415 uxore
526 385 558 415 et
584 393 653 415 cum
679 384 773 426 natis,

245 431 296 463 De
320 430 508 470 parentibus
532 431 635 464 beatis

296 477 365 511 Sibi
390 481 525 511 matrem
551 483 583 512 te
608 478 758 513 formavit

247 526 403 560 Dominus
430 529 462 559 et
487 537 507 559 a
530 529 671 568 peccatis

295 575 342 607 Te
366 575 551 608 subintrans
582 577 793 611 conservavit.

165 652 221 685 15.
249 650 384 687 Pactum
410 661 500 684 suum
526 653 700 694 antiquitus

296 700 384 732 Deus
409 701 558 741 promisit
580 701 736 742 patribus

246 749 367 782 Arcum
394 757 484 781 suum
512 749 664 781 divinitus

294 797 534 829 ostendendum
555 798 588 829 in
612 796 759 840 nubibUS‚

247 844 307 886 Qui
332 843 472 877 foederis
499 847 548 877 cst
574 845 718 878 omnibus

296 892 425 933 Signum
444 894 635 933 promissum
650 893 792 934 coelitus,

246 941 277 973 A
301 940 370 972 Deo
395 950 460 981 pax
485 940 665 973 hominibus

291 987 397 1021 Datur
422 988 457 1020 in
482 998 518 1021 eo
543 989 683 1029 penitus,

162 1066 217 1099 16.
243 1062 353 1100 Labor
377 1068 410 1097 et
434 1065 531 1097 timor
556 1064 682 1106 fugiunt

293 1113 382 1146 Arcu
404 1116 580 1146 monstrato
606 1112 758 1155 foeden's,

246 1161 326 1202 Spes
348 1163 380 1192 et
404 1161 555 1203 gaudium
583 1162 713 1194 veniunt

292 1209 521 1243 Peccatoribus
545 1209 681 1251 miseris,

242 1258 304 1299 Qui
329 1257 370 1289 <le
394 1259 487 1291 reatu
514 1258 646 1290 sceleris

290 1305 424 1339 Flentes
448 1314 557 1338 arcum
578 1306 787 1348 conspiciunt,

242 1355 306 1388 Per
330 1355 523 1394 promissum
550 1356 590 1387 de
613 1354 739 1395 superis

290 1402 333 1435 Se
359 1402 538 1435 consolatos
563 1402 714 1435 sentiunt.

156 1479 211 1513 17.
239 1476 302 1514 Est
324 1479 359 1511 in
381 1488 458 1512 arcu
483 1479 647 1512 caeruleus

289 1527 395 1572 Color,
422 1527 478 1569 qui
504 1527 699 1569 virginitatis

239 1576 366 1617 Typum
391 1575 474 1617 gerit
500 1578 532 1607 et
556 1575 674 1608 rubeus

286 1624 405 1666 Etiam,
433 1624 488 1664 qui
514 1624 657 1657 caritatis

236 1672 389 1705 Formam
411 1673 514 1713 notat,
539 1672 690 1713 puritatis

285 1720 375 1754 Tuae
402 1722 602 1754 demonstrat
622 1729 741 1762 aqueus

236 1770 354 1802 Notam
381 1772 413 1802 et
437 1769 655 1810 humanitatis,

287 1818 387 1857 Quam
414 1817 511 1858 elegit
533 1818 567 1850 in
592 1820 626 1850 te
648 1818 747 1851 Deus.

155 1895 209 1928 18.
237 1892 385 1930 Nubibus
412 1895 493 1928 coeli
519 1895 658 1927 cerneris

285 1944 403 1985 Arcus,
431 1944 484 1985 qui
508 1953 566 1976 nos
590 1943 761 1988 illuminem,

235 1991 411 2033 Refulgens
435 2000 559 2024 morum
584 1992 710 2025 miseris

280 2039 442 2081 Exempla
465 2041 586 2073 cunctis
612 2042 760 2083 seminas,

237 2088 399 2122 Haereses
425 2097 532 2122 omnes
557 2090 710 2123 terminas

279 2138 326 2170 Et
349 2137 527 2170 haereticos
555 2139 702 2180 conteris,

228 2186 267 2219 In
296 2184 423 2219 Christo
449 2186 575 2226 quando
601 2187 743 2226 geminas

281 2233 424 2267 Naturas
449 2233 544 2267 simul
568 2236 722 2276 congeris.

146 2303 201 2337 19.
227 2300 334 2337 Arcus
360 2302 600 2344 insuperabilis,

278 2354 384 2386 Arcus
406 2353 531 2393 potens,
559 2360 652 2384 arcus
670 2351 774 2397 fortis,

228 2400 334 2433 Areus
362 2399 475 2441 duleis,
503 2399 661 2443 amabilis,

278 2451 384 2484 Arcus
413 2451 528 2491 patens
554 2449 636 2483 coeli
658 2450 772 2492 portia

936 239 1015 272 Post
1039 237 1218 279 praesentis
1235 238 1353 268 metam
1369 236 1481 268 mortis

987 286 1088 319 Nobis
1113 284 1319 325 inevitabilis,

936 334 1004 368 Fac
1030 336 1190 368 consortes
1215 336 1289 366 tuae
1313 332 1409 365 sortis

985 383 1063 424 Nos,
1090 382 1179 423 virgo
1204 380 1407 415 venerabilis.

854 461 909 493 20.
935 458 1105 494 Dormiens
1130 459 1229 492 Jacob
1252 459 1374 491 somnio

983 508 1108 540 Scalam
1137 508 1218 540 vidit
1248 507 1480 548 contingentem

937 557 1077 598 eoelum,
1106 556 1193 596 cujus
1218 554 1352 588 confinio

984 604 1089 637 Deum
1115 604 1197 637 vidit
1220 603 1446 645 imminentem,

936 653 1132 693 Angelorum
1159 652 1404 684 descendentem

985 700 1114 733 Coetum
1140 700 1232 742 vidit,
1261 699 1430 740 promissio

940 749 1061 781 Terrae
1085 751 1215 781 sanctae
1240 756 1298 788 per
1317 750 1480 789 potentem

993 797 1099 830 Datur
1125 799 1156 828 et
1180 796 1370 829 benedictio.

852 875 908 909 21.
937 873 961 909 Ο
988 874 1107 914 Maria,
1133 872 1281 914 figuraris

984 922 1088 965 Scala,
1115 922 1172 954 sed
1197 922 1316 955 scalam
1333 930 1475 965 superas,

934 970 986 1003 Ab
1012 972 1123 1011 angelo
1149 970 1309 1011 salutaris,

983 1018 1086 1050 Deum
1109 1018 1267 1050 hominem
1298 1026 1442 1059 generas,

934 1066 1038 1106 Super
1060 1067 1194 1099 virtutes
1220 1074 1352 1105 superas

979 1115 1043 1146 Per
1068 1114 1196 1154 angelos
1223 1114 1401 1154 collocaris,

933 1162 1040 1195 Genus
1065 1162 1226 1195 hominum
1250 1162 1380 1202 liberas,

977 1210 1064 1252 Ergo
1089 1211 1184 1251 longe
1207 1211 1281 1251 plus
1310 1210 1426 1243 bearis,

852 1288 907 1321 22.
933 1284 1047 1327 Mater,
1075 1289 1130 1320 tua
1156 1287 1320 1329 virginitas

978 1335 1070 1369 Rubo
1095 1336 1212 1368 montis
1238 1336 1418 1368 ostenditur

927 1384 1050 1425 Horeb,
1078 1384 1166 1423 cujus
1192 1383 1339 1416 viriditas

977 1432 1041 1464 Per
1066 1432 1215 1465 ardorem
1238 1440 1302 1464 non
1327 1433 1441 1473 uritur,

926 1480 980 1513 Sic
1004 1489 1064 1512 nec
1088 1483 1143 1512 tua
1165 1480 1380 1520 corrumpitur

974 1528 1150 1570 Virginalis
1174 1528 1354 1572 integritas,

928 1576 1013 1609 Dum
1038 1580 1150 1609 ventre
1174 1578 1229 1609 tuo
1252 1576 1398 1617 jungitur

974 1624 1175 1657 Humanitati
1203 1624 1315 1658 deitas.

846 1703 902 1735 23.
927 1699 966 1736 In
991 1712 1067 1735 vase
1089 1711 1207 1735 manna
1231 1702 1381 1744 positum,

973 1750 1019 1783 Ut
1042 1753 1236 1794 servaretur,
1264 1751 1390 1792 legitur,

924 1799 1082 1832 Israelitis
1111 1800 1278 1840 traditum,

973 1847 1085 1888 Neque
1097 1856 1154 1880 vas
1166 1857 1283 1880 manna
1292 1846 1452 1889 frangitur
1463 1860 1470 1890 ;

924 1896 962 1929 In
987 1898 1020 1928 te
1044 1896 1188 1929 Christus
1215 1896 1392 1937 concipitur

972 1945 1072 1985 Virgo
1088 1953 1148 1986 per
1163 1947 1308 1977 sanctum
1323 1944 1471 1986 spiritum

927 1994 1041 2034 Neque
1065 1996 1138 2026 tuae
1162 1993 1317 2026 minuitur

973 2041 1175 2084 Virginitatis
1199 2042 1386 2083 praemium,

842 2111 897 2144 24.
925 2107 1027 2145 Nobis
1052 2120 1169 2143 manna
1193 2109 1362 2143 mirificum

972 2157 1116 2191 Servasti
1139 2158 1341 2200 mirabiliter,

919 2207 1043 2240 Manna
1065 2208 1241 2240 terminans
1265 2208 1419 2251 typicum,

968 2255 1158 2297 Figuratum
1178 2256 1346 2299 veraciter,

921 2306 960 2339 In
984 2306 1018 2336 te
1041 2305 1295 2339 misericorditer

966 2354 1031 2388 Per
1053 2354 1134 2386 illud
1160 2363 1278 2387 manna
1301 2356 1464 2402 coelicum,

920 2402 1011 2443 Quod
1037 2402 1175 2437 dabatur
1201 2405 1410 2439 communiter

965 2452 1067 2485 Israel
1090 2453 1124 2485 in
1150 2453 1311 2489 viaticum.
