1653 2668
170 227 204 259 4.

169 621 188 653 οι

701 150 749 155 --
798 131 866 167 201
917 151 964 157 --

232 223 317 261 odio
340 225 487 260 Fabricii

278 276 390 308 contra
414 277 448 307 te
473 274 609 308 furentis

229 322 333 356 Missa
353 332 386 355 es
412 323 446 356 in
472 323 591 357 dolium

279 370 344 403 olei
364 370 530 414 ferventis,

229 419 322 458 Quod
347 419 409 452 tibi
432 428 497 453 non
520 420 632 453 nocuit

276 468 308 499 vi
326 467 570 509 omnipotentis;

228 514 331 548 Serva
355 524 407 548 me
431 526 451 549 a
474 516 582 557 gladio

275 563 309 595 in
333 564 450 597 throno
475 565 628 598 sedentis.

195 646 202 655 .
229 618 415 654 Tenem-oso
442 631 573 655 carcere

277 669 430 702 innocens
454 671 570 711 locat-a,

231 716 304 749 Cibi
328 718 481 752 alimonia

276 765 337 798 tibi
365 767 531 809 denegata,

232 813 297 845 Per
320 816 449 847 sanctos
476 823 508 847 es
532 814 662 855 angelos

278 861 341 894 Dei
368 861 568 903 confortata3

229 909 307 942 Mea
328 908 409 943 fiant
432 919 531 951 opera

276 966 336 997 per
360 960 395 990 te
417 958 488 991 Deo
511 960 612 1000 grata.

860 231 890 263 6.
918 226 1004 264 Hinc
1026 229 1137 270 poenis
1163 228 1287 270 equulei

966 280 1078 311 sancta
1102 277 1266 318 cruciaris,

919 326 956 360 In
981 325 1162 358 mammillis
1188 323 1301 358 faculis

966 374 1072 415 Igneis
1100 373 1260 415 cremaris,

919 422 1043 457 Ultimo
1068 423 1226 454 sententia

968 470 1089 510 Capitis
1116 470 1296 510 damnaris;

917 518 973 551 Me
997 527 1017 551 a
1041 518 1134 550 malis
1158 518 1303 550 omnibus

967 566 1106 599 clemens
1129 566 1260 599 tuearis.

885 647 892 655 .
917 620 1021 658 Extra
1043 632 1152 656 muros
1173 623 1299 656 duceris

967 671 1074 704 lnstar
1098 673 1120 706 J
1122 680 1177 704 esu
1204 670 1332 712 Christi,

917 720 981 753 Pro
1008 720 1096 759 cujus
1121 720 1274 760 preconio

964 770 1100 801 mortem
1123 767 1297 808 pertulisti,

917 816 1081 856 Rosasque
1108 815 1287 856 Theophilo

968 863 1094 897 scribae
1118 866 1154 896 tu
1177 863 1293 896 misisti

922 911 967 944 Et
991 911 1039 944 sic
1063 912 1097 944 in
1121 911 1244 952 palatia

966 959 1048 992 coeli
1071 959 1223 992 introisti.

191 1715 198 1722 .
224 1690 306 1733 Ave,
332 1692 445 1722 sancta
469 1689 645 1729 Dorothea,

574 1018 605 1050 8.
631 1013 774 1057 Adjuva,
799 1017 992 1058 misericors,

677 1065 764 1096 tuum
789 1064 998 1108 laudatorem,

629 1111 778 1153 Respice,
804 1112 957 1154 piissima,

675 1162 766 1192 tuum
790 1162 959 1201 oratorem,

627 1208 691 1241 Per
715 1210 749 1240 te
772 1209 882 1242 Jesum
907 1208 1042 1241 habeam

675 1255 764 1297 pium
789 1256 969 1296 adjutorem

628 1303 676 1336 Et
700 1307 811 1337 contra
836 1303 997 1337 diabolum

670 1353 778 1393 ,iugem
803 1355 1027 1393 protectorem.

245 1416 327 1446 Orat.
348 1426 401 1445 ms.
416 1416 600 1454 sigismundi
614 1416 696 1453 Span
717 1418 751 1446 tle
765 1418 922 1447 Bernstein
945 1414 1026 1446 1477,
1043 1416 1112 1446 God.
1126 1418 1251 1454 Pragen.
1272 1417 1348 1446 XHI
1361 1418 1415 1446 Hs.
1430 1418 1443 1446 ἕ
1459 1419 1487 1447 b.

599 1566 661 1598 174.
693 1567 738 1599 De
758 1567 871 1599 sancta
890 1566 1056 1599 Dorothea.

857 1690 888 1721 5.
915 1689 997 1731 Ave,
1026 1688 1105 1720 coeli
1132 1697 1229 1721 cornu
1255 1688 1362 1733 digna,

226 1737 429 1771 Consolatrix
455 1741 487 1771 et
511 1746 586 1779 spes
610 1746 691 1778 mea,

221 1786 432 1820 Peccatorum
460 1787 500 1820 de
524 1784 680 1827 morphea

224 1834 311 1867 Sana
334 1844 387 1867 me
410 1837 444 1868 et
465 1836 587 1876 justum
612 1843 698 1868 crea,

190 1920 198 1927 ,
224 1895 307 1936 Ave,
331 1893 423 1935 virgo
448 1894 535 1926 mitis
561 1895 641 1932 tota,

222 1941 284 1984 Da,
312 1945 347 1974 ut
373 1942 490 1975 caritas
516 1942 560 1974 sit
581 1943 658 1974 nota

222 1990 316 2033 Mihi,
343 1999 403 2032 per
428 1999 520 2031 quem
544 1989 650 2023 fracta
676 1991 751 2023 vota

223 2038 390 2072 Scelerata
413 2038 523 2071 forent
544 2039 621 2072 lota.

187 2123 195 2130 .
222 2098 304 2140 Ave,
331 2099 477 2138 sceptum
501 2095 622 2130 Christi
646 2098 770 2137 gratum

222 2145 405 2187 Liliumque
432 2145 613 2186 delicatum,

221 2194 376 2228 Miseriae
399 2202 491 2226 meae
514 2195 633 2227 statum

219 2242 304 2278 Mihi
328 2245 420 2277 verte
442 2242 477 2275 in
502 2241 642 2275 beatum.

186 2326 195 2334 .
220 2303 303 2344 Ave,
327 2301 421 2335 vultu
442 2301 538 2333 nimis
564 2300 663 2341 clara,

219 2351 276 2385 Me
300 2351 459 2391 pollutum
483 2349 636 2382 mundum
662 2358 755 2391 para,

219 2399 265 2434 Ut
289 2408 367 2442 gens
393 2406 489 2432 saeva
515 2400 548 2430 et
572 2407 670 2432 avara

218 2449 277 2483 Me
299 2458 363 2481 non
388 2447 499 2480 trahat
521 2448 564 2480 ad
589 2456 710 2481 amara,

915 1736 1023 1769 Mater
1050 1739 1236 1769 cunctorum
1261 1736 1407 1782 benigna,

916 1784 1053 1828 Christ0‚
1079 1793 1206 1829 quaeso,
1234 1794 1286 1817 me
1312 1786 1471 1827 consigna,

915 1832 967 1865 Ne
989 1841 1042 1865 me
1065 1835 1176 1874 tangat
1195 1834 1245 1866 vis
1268 1834 1419 1876 maligna.

880 1916 888 1924 .
914 1891 996 1933 Ave,
1023 1899 1146 1932 gemma
1171 1891 1324 1933 virtuosa,

914 1939 1089 1983 Dorothea,
1116 1948 1252 1972 vernans
1278 1948 1361 1983 rosa,

913 1987 994 2020 Esto
1019 1988 1097 2020 mihi
1121 1988 1263 2029 gratiosa

913 2036 952 2068 In
976 2036 1038 2069 hac
1061 2035 1148 2070 valle
1170 2036 1352 2072 lacrimosa.

880 2123 888 2130 .
914 2095 995 2133 Ave,
1020 2092 1079 2127 flos
1107 2094 1312 2137 virginitatis,

913 2144 1031 2176 Patens
1057 2143 1147 2184 glosa
1171 2143 1362 2186 sanctitatis,

913 2191 1038 2224 Statum
1062 2199 1153 2224 meae
1177 2194 1378 2232 paupertatis

915 2240 999 2274 Vide
1022 2240 1114 2273 vultu
1137 2241 1279 2281 pietatis.

878 2325 886 2332 .
913 2299 995 2339 Ave,
1020 2298 1187 2340 speculum
1211 2299 1355 2341 pudoris,

912 2347 1087 2389 Dorothea‚
1113 2357 1170 2380 vas
1195 2347 1334 2389 honoriS,

911 2396 969 2429 Me
993 2396 1131 2430 emunda
1154 2396 1251 2437 intus,
1278 2395 1357 2431 foris

911 2445 964 2477 Dc
986 2445 1119 2479 humore
1144 2446 1225 2479 coeli
1247 2445 1344 2481 roris⁷
