1653 2668
715 118 953 153 „162—

186 215 239 249 10.
265 213 422 251 Karitatis
447 215 605 257 scrinium,

182 627 235 659 11.

179 1036 234 1068 12.

176 1446 229 1479 13.

176 1853 230 1886 14.

178 2259 232 2292 15.

315 263 492 297 Claustrum
516 262 650 305 unionis,

266 312 394 344 Amoris
418 310 609 352 incendium,

312 359 421 391 Rubus
445 358 585 398 visionis,

265 405 389 439 Celsum
413 406 519 439 David
544 405 666 448 solium,

313 454 421 486 Venus
447 452 616 493 Gedeonis,

263 502 372 535 Virtus
396 500 566 543 samsonis,

310 548 388 580 mihi
414 549 455 581 da
478 556 589 589 pacem
614 548 802 583 Salomonis

260 622 353 665 Legis
379 626 603 657 consummatio

308 672 430 713 Viaque-
451 673 619 714 justorum,

266 720 359 754 Orbis
386 719 564 763 exsultatio,

311 767 422 800 Gloria
446 769 635 812 sanctorum,

260 815 362 847 Israel
385 815 573 858 redemptio,

305 862 412 895 Mater
436 863 659 905 orphanorum,

260 910 315 943 Me
339 910 555 951 profectorum

307 957 359 991 fac
383 958 455 991 luce
477 958 541 991 frui
565 960 801 992 monachorum.

260 1031 438 1076 Martyrum
464 1037 649 1078 compassio,

306 1082 418 1115 Comes
444 1082 668 1126 confessorum,

259 1131 423 1171 Virginum
449 1130 585 1173 devotio,

303 1178 375 1210 Lux
403 1179 629 1221 apostolorum,

258 1226 305 1258 Te
328 1226 488 1259 collaudat,
513 1226 621 1259 concio

304 1273 387 1306 Tota
410 1274 582 1316 beatorum,

257 1322 311 1355 Ad
335 1322 433 1354 vitam
458 1330 588 1362 quorum

304 1378 355 1401 me
367 1369 498 1412 perduc,
517 1378 590 1410 spes
602 1370 798 1402 miserorum.

257 1443 386 1480 Na-rdus
411 1453 532 1488 recens,
557 1445 696 1489 humilis,

304 1492 404 1525 Gutta
424 1493 570 1534 delicata,

259 1541 357 1582 Virga
377 1542 471 1574 Jesse
492 1541 619 1582 nobilis,

302 1588 425 1621 Fructu
446 1587 628 1632 fecundata,

258 1636 353 1669 Scala
375 1636 475 1670 Jacob
505 1636 640 1677 stabilis,

305 1683 437 1716 Sursum
462 1685 595 1728 elevata,

255 1732 349 1765 Mens
373 1741 445 1764 mea
467 1735 603 1773 purgata

302 1789 362 1819 per
386 1783 419 1812 te
443 1781 494 1821 sit,
521 1781 610 1821 virgo
634 1780 739 1816 beata.

259 1849 355 1886 Ortus
383 1852 591 1896 delectabiliS,

305 1900 391 1933 Arca
415 1901 577 1940 deaurata,

257 1948 359 1981 Terra
381 1950 474 1983 ,Iesse
497 1949 596 1990 utiliS,

303 1995 401 2029 Flore
427 1996 586 2039 decorata,

256 2043 353 2085 Virgo
375 2044 579 2086 venerabilis,

306 2091 414 2133 Stirpe
437 2092 545 2126 David
569 2096 655 2134 nata,

258 2140 322 2172 Per
344 2141 377 2171 te
401 2140 468 2173 vita
494 2141 569 2173 data

304 2188 383 2220 mihi
407 2188 450 2220 sit
474 2198 601 2229 paxque
626 2192 785 2229 reparata.

257 2256 467 2293 Peccator-um
491 2261 594 2303 venia,

304 2308 415 2340 Annus
437 2308 580 2351 jubilaei,

258 2354 459 2388 Hierusalem
483 2355 560 2399 filia,

305 2401 469 2448 Templum
495 2405 564 2438 veri
586 2404 659 2450 Dei,

863 435 917 468 16.

861 845 917 880 17.

860 1257 915 1290 18.

861 1664 915 1696 19.

859 2071 915 2103 20.

944 214 1040 247 Fidei
1064 215 1250 257 constantia,

993 261 1160 304 Refugium
1187 263 1244 303 rei,

945 310 995 343 Tu
1018 310 1170 342 miserere
1191 311 1264 354 mei,

989 361 1093 390 mater
1114 358 1215 391 mirae
1242 357 1372 399 speciei.

946 432 1030 474 Quid
1052 435 1087 466 in
1111 434 1307 474 parsimonia

991 481 1130 522 sperant
1152 482 1326 524 pharisaei,

944 531 1048 570 Quare
1070 530 1271 569 phylacten'a

991 576 1138 609 Dilatant
1161 577 1267 620 Esaei,

946 623 1056 659 Inflati
1079 624 1214 657 scientia

991 671 1072 705 Sunt
1095 677 1131 704 ut
1155 671 1321 715 Saducaei,

943 720 1039 754 Unde
1062 722 1218 753 memento
1242 721 1315 763 mei,

989 770 1024 801 tu
1048 776 1125 801 vera
1151 768 1218 801 dies
1243 768 1373 810 requiei.

943 843 1053 880 Radix
1077 845 1260 888 aromatica,

989 893 1040 926 Tu
1068 893 1170 926 dulcis
1199 893 1315 936 resina,

942 941 1070 974 Piscina
1093 941 1261 981 probatica

990 989 1178 1029 Templique
1202 988 1336 1029 cortina,

943 1036 1096 1069 Sanitatis
1119 1036 1264 1077 physica,

988 1083 1081 1117 Vitae
1104 1084 1272 1126 medicina,

943 1133 1057 1166 Serves
1083 1133 1202 1174 regina,

987 1189 1039 1212 me
1063 1189 1083 1213 a
1104 1183 1208 1212 morte
1232 1180 1409 1220 repentina.

942 1254 1048 1296 Salve,
1072 1257 1143 1288 laus
1171 1255 1370 1300 prophetica,

988 1303 1090 1337 Stella
1112 1304 1279 1345 matutina,

940 1353 1069 1393 Cantus,
1095 1360 1201 1393 prosa,
1226 1351 1357 1392 musica,

988 1399 1075 1432 Rosa
1099 1399 1169 1431 sine
1191 1399 1293 1442 spina,

941 1447 992 1480 De
1016 1449 1049 1478 te
1074 1456 1131 1479 sua
1156 1447 1280 1479 cantica

988 1495 1105 1528 Cant-at
1128 1494 1181 1527 Iex
1207 1494 1325 1537 divina,

939 1543 969 1575 A
997 1551 1049 1575 me
1074 1543 1200 1575 declina

987 1593 1122 1623 mortem
1146 1590 1307 1630 vitamque
1326 1589 1473 1630 propina.

942 1659 993 1696 Tu
1021 1664 1160 1693 castrum
1184 1661 1389 1700 tutissimum,

988 1709 1081 1749 Quod
1103 1709 1185 1741 bene
1207 1708 1356 1752 vallatur,

942 1757 1073 1798 Domus,
1098 1758 1180 1799 aula,
1207 1755 1329 1795 civitas,

988 1805 1075 1844 Quae
1097 1805 1180 1838 bene
1204 1804 1367 1844 fundatur,

940 1853 989 1886 Tu
1013 1853 1125 1895 virtus,
1150 1855 1186 1885 tu
1215 1852 1341 1896 caritaS,

988 1902 1076 1942 Quae
1098 1911 1163 1934 non
1186 1901 1372 1942 minoratur,

940 1949 1026 1988 Quae
1051 1949 1245 1982 concedatur

986 1997 1065 2029 mihi
1088 2006 1148 2037 per
1171 1999 1205 2029 te
1228 2005 1288 2029 nec
1310 1998 1485 2029 moveatur.

941 2066 1008 2102 Via
1031 2069 1126 2109 vitae,
1152 2069 1283 2110 veritas,

986 2118 1073 2157 Quae
1096 2126 1160 2150 non
1187 2116 1344 2160 deviatur,

944 2164 1110 2198 Castitatis
1134 2165 1269 2210 puritas,

990 2213 1078 2253 Quae
1100 2222 1164 2246 non
1189 2213 1337 2256 violatur,

940 2261 1084 2294 Aeterna
1107 2259 1258 2303 felicitas,

990 2309 1077 2349 Quae
1098 2309 1194 2350 justis
1219 2312 1359 2353 optatur,

942 2357 1034 2391 Haec
1058 2358 1254 2391 concedatur

989 2405 1068 2439 mihi
1093 2410 1126 2439 et
1148 2415 1309 2447 nunquam
1325 2408 1487 2442 renuatur.
