1653 2668
134 234 189 266 45.

136 472 189 504 50.

138 942 191 974 60.

142 1178 196 1211 65.

143 1415 195 1447 70.

145 1652 199 1684 75.

148 1887 204 1920 80.

153 2122 207 2155 85.

156 2358 210 2390 90.

651 127 812 164 -198
863 147 906 152 -—

214 233 274 274 Qui
300 232 434 272 denique
457 232 488 261 te
513 229 668 261 volentem

215 282 419 314 Incarcerans
444 277 602 310 sororibus

216 327 385 369 Commisit,
412 328 447 358 ut
470 322 665 364 amplexibus

215 374 384 409 Inficerent
407 376 491 405 tuam
515 373 660 402 mentem.

215 422 281 456 Has
307 421 431 455 Christo
454 418 534 451 facis
560 418 700 450 credere.

216 468 428 502 Prostibulum
455 467 610 499 deserere.

216 516 268 549 Sic
291 515 385 548 idolis
410 511 626 555 praeconfusis

214 564 365 603 Aquilina
389 561 601 603 *uspendituiu

214 612 301 644 Ense
324 611 441 643 Inccna
465 608 607 641 caeditur

213 657 398 692 Precatihus
422 657 490 689 Deo
515 654 604 687 fusis.

183 731 189 739 .
216 706 265 738 Tu
289 713 396 736 caesus
421 703 517 744 virgis
540 702 662 735 ferreis.

215 754 314 787 Uetus
337 752 446 792 ignitis
470 751 582 791 galeis,

214 799 298 832 Hinc
322 798 425 831 ferreo
450 807 545 838 super
570 805 695 829 scamno

217 846 347 879 Vinctus
369 846 405 877 in
427 847 499 887 igne
523 845 661 885 poneris,

217 895 281 934 Quo
306 892 475 934 liquefacto
500 893 642 932 solveris,

217 941 388 981 Egrederis
413 941 481 973 sine
507 941 629 972 damno.

220 988 364 1029 Ligatum
389 988 618 1028 sagittaverant

219 1036 300 1068 Tota
326 1035 377 1068 die
398 1044 457 1067 nec
480 1035 639 1066 laeserant.

220 1083 267 1114 Te
289 1083 404 1114 milites
429 1082 667 1123 quadringenti3

222 1129 500 1169 Suspendebantur
524 1137 597 1161 aere

222 1177 371 1217 Sagittae,
397 1185 456 1208 nec
479 1179 511 1207 te
534 1179 664 1216 tangere

220 1224 276 1256 Vis
300 1224 404 1264 potuit
426 1224 636 1263 instrumenti,

220 1271 285 1304 Sed
309 1274 520 1303 retroversum
540 1271 695 1311 spiculum

222 1319 372 1351 Excussit
395 1319 478 1358 regis
504 1318 635 1350 oculum.

223 1367 272 1398 Tu
294 1366 433 1405 principi
457 1366 656 1406 praedixisti.

222 1414 312 1453 Quod
335 1413 502 1445 morereris
528 1413 665 1445 crastino

222 1460 267 1492 Et
289 1470 308 1492 a
334 1460 442 1493 dolore
465 1460 599 1500 pristino

224 1508 390 1541 Juvamine
413 1509 434 1542 J
437 1516 491 1540 esu
514 1508 632 1541 Christi

223 1555 348 1588 Ocellus
372 1564 466 1587 sanus
490 1554 590 1595 fieret,

227 1602 260 1635 Si
285 1611 340 1634 rex
367 1610 436 1634 cum
457 1606 647 1645 perungeret

227 1649 301 1682 Cum
315 1651 470 1693 sanguine,
491 1659 582 1690 quem
595 1649 759 1684 fundebas.

226 1696 279 1729 Sic
303 1696 381 1729 fusis
404 1697 473 1730 Deo
499 1698 645 1737 precibus

226 1744 289 1776 Pro
313 1744 371 1776 tibi
396 1744 604 1778 servientibus

225 1790 304 1823 Mox
328 1792 461 1833 gratiam
485 1792 661 1834 obtinebas,

228 1839 273 1872 Ut
296 1848 316 1870 a
341 1839 449 1872 delicti
472 1841 619 1873 sordibus

229 1886 272 1918 Et
295 1886 475 1920 morborum
501 1888 663 1921 doloribus

231 1933 276 1965 Te
301 1943 453 1967 venerans
477 1935 639 1974 liberetur,

229 1980 446 2013 Decollabaris
473 1983 616 2023 denique,

228 2028 322 2068 Regis
347 2029 474 2071 ocellus,
499 2031 639 2070 undique

229 2075 312 2107 Dum
337 2077 488 2116 sanguine
511 2078 667 2119 liniretur,

233 2122 364 2162 Recepit
391 2124 474 2157 visus
499 2125 642 2168 gratiam,

233 2169 301 2201 Rex
325 2169 401 2203 fidei
424 2172 568 2205 notitiam

234 2217 413 2250 Promeruit
438 2220 516 2251 dans
541 2220 687 2262 edictum,

235 2264 279 2296 Ut
304 2268 411 2305 gentes
437 2276 512 2298 suae
535 2268 657 2308 pariter

236 2310 361 2344 Christo
385 2315 517 2347 credant
536 2314 678 2349 fideliter

237 2358 295 2389 Vel
320 2360 453 2393 subeant
476 2363 559 2395 ensis
583 2363 690 2397 ictum.

236 2404 283 2438 Oh
307 2406 369 2438 hoe
390 2410 424 2438 te
448 2410 615 2446 gloriosius

833 368 887 401 95.

811 605 887 639 100.

812 844 890 877 105.

816 1081 892 1114 110.

818 1319 895 1353 115.

820 1557 897 1590 120.

823 1794 902 1827 125.

828 2032 904 2065 130.

830 2269 907 2303 135.

914 223 1042 256 Laudat
1065 221 1206 254 scribens
1235 220 1421 255 Ambrosius

914 270 1075 312 Prodigia,
1101 279 1181 310 quae
1206 268 1311 302 fecisti

918 319 981 352 Per
1007 318 1098 358 signa
1121 317 1291 350 mirabilia.

915 366 1132 406 Quadraginta
1156 367 1226 398 octo
1249 365 1337 397 milia

916 413 1087 447 Gentilium
1114 413 1298 445 convertisti

915 461 1030 501 Sicque
1053 460 1192 502 palmam
1216 460 1379 498 victoriae,

916 510 1070 543 Coronam
1096 517 1218 550 quoque
1241 508 1362 549 gloriae

914 557 943 589 A
968 555 1104 589 'Domino
1130 556 1289 596 recepisti.

915 605 972 638 Cui
999 604 1198 646 congaudens
1221 603 1341 645 jugiter

916 652 1031 684 Vernis
1056 651 1119 684 tuis
1143 650 1285 685 fideliter

915 699 1108 732 Succurrere
1131 700 1285 732 meruisti.

916 747 1156 790 Gliristophore,
1181 747 1227 778 mi
1249 747 1386 788 domine,

916 795 978 827 Pro
1004 796 1058 827 tuo
1083 797 1193 827 sancto
1214 795 1341 827 nomine

916 843 963 874 Te
988 842 1143 882 deprecor
1168 841 1377 885 confidenter,

918 890 964 922 Ut
989 889 1108 922 Christi
1132 899 1247 923 nomen
1274 891 1387 929 colere,

917 937 964 969 Te
988 937 1136 969 laudibus
1163 939 1317 971 extollere

918 986 974 1018 Me
1000 986 1114 1017 doceas
1141 985 1319 1026 diligenter.

918 1032 970 1065 Da
993 1033 1071 1064 mihi
1096 1031 1316 1066 fortitudinem

917 1080 1074 1120 Vitaeque
1097 1080 1337 1122 longitudinem,

920 1128 950 1160 A
976 1127 1127 1160 daemone
1150 1137 1201 1160 me
1225 1138 1349 1170 secura,

918 1176 975 1207 Me
999 1184 1154 1208 summum
1169 1176 1273 1209 Deum
1287 1185 1439 1217 quaerere

922 1222 1115 1264 Semperque
1141 1224 1238 1257 corde
1261 1233 1373 1266 gerere

920 1270 989 1303 Fac
1011 1280 1177 1304 removens
1201 1273 1357 1306 nocitura.

922 1319 977 1350 Me
1001 1321 1202 1358 peccatorem
1227 1319 1352 1352 aridum

921 1366 1101 1398 Virtutibus
1127 1366 1178 1399 fac
1200 1366 1350 1400 floridum

922 1413 965 1445 Et
990 1422 1086 1453 opere
1108 1413 1323 1455 fructuosum3

925 1461 974 1493 Da
999 1470 1107 1494 sanam
1133 1463 1354 1505 eloquentiam,

923 1508 1078 1541 Devotam
1102 1511 1290 1549 patientiam

924 1556 968 1588 Et
989 1556 1130 1596 judicem
1154 1558 1337 1599 gratiosum.

926 1604 974 1635 Tu
1000 1613 1069 1636 cum
1095 1605 1157 1637 tuis
1183 1606 1370 1646 sequacibus

925 1651 977 1683 Ab
1003 1651 1146 1684 hostibus
1170 1653 1373 1687 mordacibus

924 1699 981 1731 Me
1004 1703 1137 1740 protege
1161 1709 1221 1733 nec
1244 1702 1411 1741 permittas

928 1746 1141 1787 Malignorum
1165 1747 1330 1792 perfidias,

929 1796 1038 1833 Arma,
1061 1795 1173 1837 minas,
1198 1796 1334 1829 insidias

924 1841 980 1873 Me
1004 1844 1136 1884 tangere
1160 1852 1218 1876 nec
1242 1845 1386 1886 sagittas.

928 1890 1005 1926 Fac,
1030 1893 1068 1922 ut
1090 1899 1142 1923 me
1164 1892 1272 1924 hostes
1295 1895 1449 1932 metuant,

930 1938 960 1968 A
985 1938 1074 1970 vultu
1099 1947 1169 1971 meo
1195 1943 1355 1979 corruant,

929 1984 984 2016 Me
1010 1987 1114 2025 captio
1138 1997 1203 2020 nou
1226 1989 1373 2023 molestet

928 2031 998 2064 Nee
1021 2036 1135 2066 noceat
1157 2037 1334 2078 temptatio,

931 2079 994 2112 Sed
1017 2079 1093 2114 fidei
1117 2081 1255 2116 firmatio

934 2127 1090 2162 Coelestia
1113 2131 1191 2163 mihi
1215 2134 1367 2170 praestet.

933 2175 1057 2217 magas,
1083 2178 1182 2219 ignes,
1209 2180 1378 2220 supplicia,

935 2222 1151 2266 Confusiones,
1180 2226 1266 2267 vitia,

935 2270 1006 2303 Non
1032 2273 1126 2305 sinito
1152 2284 1202 2307 me
1226 2275 1344 2318 subire,

934 2318 986 2351 Da
1011 2324 1125 2353 cuncta
1145 2324 1357 2362 retrocedere,

939 2368 1024 2406 Quae
1048 2378 1099 2401 me
1125 2370 1281 2403 deberent
1303 2371 1441 2404 laedere.

938 2414 1007 2449 Fac
1029 2416 1152 2449 obitum
1173 2428 1226 2452 me
1248 2420 1422 2461 praescire,
