1653 2668
173 465 230 497 25.

174 878 229 909 26.

174 1290 229 1323 27.

171 1698 227 1731 28.

169 2108 228 2140 29.

710 143 948 180 —21--

255 241 402 274 Rutilans
430 242 567 275 ecclesia

301 289 387 323 vitae
412 292 621 323 sacramentis

254 337 382 371 Prodiit
406 347 445 371 ex
470 339 573 371 latere

306 385 426 420 Christi
448 388 624 420 morientis.

255 462 345 495 Haec
370 466 420 495 θεῖ
443 473 529 504 arca,
556 473 650 504 quam
674 464 745 497 Noe

305 512 488 544 cataclismo
512 513 606 551 rexit,

256 559 351 591 Hunc
375 560 476 592 Jacob
500 560 654 601 evigilans

304 607 446 648 lapidem
472 608 584 649 crexit,

256 655 347 687 Haec
370 657 406 688 in
429 665 507 688 vase
531 656 656 697 scirpeo

305 703 460 745 Mosysen
480 705 631 744 inspexit,

257 751 348 784 Haec
373 756 422 784 est
444 761 543 784 nurus
566 752 693 793 Noemi‚

305 808 399 840 quam
423 799 508 832 Booz
535 799 658 832 dilexit.

255 875 347 908 Haec
372 879 419 908 est
444 876 685 908 tabernaculum

302 924 335 955 in
363 924 490 956 deserto
516 922 645 965 factum,

255 971 358 1004 Atriis
384 972 624 1013 circumdatum,

304 1019 421 1052 tabulis
448 1023 657 1061 compactum,

256 1067 349 1099 Haec
375 1070 424 1099 est
447 1076 523 1100 arca
547 1066 697 1104 foederis.

304 1115 364 1147 hoc
390 1118 439 1147 est
462 1116 548 1148 vitae
572 1118 711 1157 pactum,

255 1163 347 1196 Inter
371 1172 480 1195 verum
505 1164 609 1196 Israel

302 1215 335 1243 et
357 1210 461 1243 Deum
488 1213 695 1245 contractum.

253 1288 383 1319 Atrium
409 1289 566 1321 exercitus

304 1336 372 1369 vita,
396 1339 446 1368 est
469 1335 585 1376 activa,

257 1384 296 1416 In
322 1393 382 1425 quo
409 1383 566 1417 sacrificia

303 1434 378 1464 sunt
400 1431 580 1473 figurativa,

254 1479 327 1511 Hoc
350 1480 454 1512 altare
479 1482 661 1511 concremat

305 1527 410 1560 carnis
435 1527 605 1567 incentiva,

254 1575 437 1608 Demolitur
457 1575 599 1616 pinguia,

302 1626 446 1655 macerat
469 1623 600 1655 lasciva.

254 1696 474 1728 Incenduntur
498 1695 622 1728 hostiae

302 1743 450 1777 carnibus
476 1743 592 1776 oblatis

250 1791 353 1833 Ligno
380 1792 483 1824 crucis
508 1791 648 1830 Domini,

299 1839 428 1873 flamma
453 1840 606 1883 caritatis,

253 1889 363 1930 Agnus
388 1888 590 1921 innocentiae

302 1940 333 1969 et
357 1936 582 1978 simplicitatis,

252 1985 370 2018 Hircus
398 1985 627 2026 poenitentiae,

299 2035 405 2066 turtur
431 2033 597 2066 castitatis.

255 2106 399 2140 Primum
423 2105 664 2138 tabernaculum

306 2154 617 2195 contemplationem,

250 2203 376 2243 Mensa,
401 2212 481 2244 quae
505 2203 707 2243 proponitur,

298 2252 405 2293 signat
428 2252 607 2292 lectionem,

252 2300 354 2333 Panes
381 2300 514 2333 verbum
538 2298 626 2341 fidei,

299 2350 373 2382 thus
399 2349 586 2390 orationem,

252 2397 490 2431 Candelabrum
514 2397 647 2438 spiritus

296 2446 555 2481 illustrationem.

864 244 918 277 30.

862 658 919 690 31.

862 1068 917 1100 32.

860 1480 916 1513 33.

860 1889 915 1921 34.

857 2300 915 2333 35.

944 242 1140 275 Futurorum
1164 241 1309 283 pontifex

995 291 1139 324 Christus
1166 293 1215 322 θεῖ
1236 290 1403 330 bonorum,

948 339 1006 380 Qui
1031 339 1129 371 semel
1147 339 1271 370 introiit

993 387 1027 419 in
1052 390 1163 420 sancta
1186 389 1378 424 sanctorum,

946 435 1019 468 Non
1044 435 1204 467 hircorum
1227 434 1381 474 sanguine

993 492 1096 523 neque
1121 482 1302 522 vitulorum,

946 531 1010 564 Sed
1034 531 1068 563 in
1093 540 1149 563 suo
1175 539 1320 563 reserans

993 579 1115 612 aditum
1140 579 1308 611 coelorum.

944 656 1007 688 Hic
1033 655 1186 687 exstinxit
1210 655 1352 695 gladium

993 703 1056 735 sibi
1080 704 1290 742 resistentem,

946 751 1097 784 Gladium
1125 752 1317 792 versatilem,

992 799 1134 841 gladium
1158 799 1333 840 ardentem,

943 847 987 879 Et
1016 847 1149 880 removit
1177 847 1346 880 Cherubim

992 895 1133 936 gladium
1157 898 1328 937 tenentem,

942 943 1027 975 Dum
1050 944 1207 975 latronem
1228 943 1364 983 suscipit

993 989 1137 1023 Christus
1163 989 1375 1024 confitentem.

944 1066 1035 1106 Quod
1060 1066 1211 1100 fraternis
1236 1067 1381 1100 manibus

990 1114 1074 1147 Abel
1101 1118 1149 1146 est
1173 1115 1307 1155 occisus,

944 1163 1034 1202 Quod
1061 1163 1185 1195 oblatus
1210 1172 1292 1202 puer
1316 1165 1374 1204 est,

992 1211 1043 1242 cui
1066 1219 1181 1243 nomen
1206 1211 1299 1251 risus,

943 1259 1034 1298 Quod
1057 1259 1172 1290 missus
1196 1258 1230 1290 in
1254 1261 1386 1299 puteum

991 1306 1145 1339 fratribus
1170 1307 1302 1348 invisus,

943 1355 1034 1395 Quod
1060 1355 1235 1387 ascendens
1259 1355 1292 1387 in
1317 1355 1433 1387 Bethel

991 1403 1098 1434 calvus
1123 1405 1172 1434 est
1197 1402 1340 1443 derisus3

944 1478 1057 1511 Coram
1083 1488 1163 1519 agno
1188 1480 1322 1518 mystico

989 1535 1075 1559 mors
1101 1529 1150 1559 est.
1175 1527 1362 1567 Pharaonis,

943 1575 1034 1614 Quod
1059 1575 1161 1607 saliva
1186 1573 1298 1607 defluit

989 1625 1082 1663 patre
1108 1622 1297 1666 Salomonis,

941 1671 1032 1710 Quod
1056 1671 1190 1703 intravit
1214 1671 1329 1704 Daniel

988 1720 1095 1751 lacum
1119 1718 1313 1760 Babylonis:

942 1767 1057 1800 Totum
1083 1770 1131 1800 est
1154 1769 1341 1808 mysterium

990 1815 1110 1848 Christi
1132 1815 1302 1855 passionis,

941 1887 1087 1928 Tangere
1109 1887 1259 1920 sublimia

989 1945 1040 1968 res
1066 1939 1115 1968 est
1139 1945 1282 1978 onerosa,

940 1985 1035 2016 Aeris
1060 1985 1094 2016 in
1118 1985 1256 2017 nubibus

988 2042 1070 2074 aqua
1094 2033 1274 2074 tenebrosa,

940 2080 985 2113 Ut
1005 2092 1025 2114 a
1050 2082 1151 2121 spinis
1176 2083 1337 2123 discrepat

986 2130 1090 2162 lilium
1115 2130 1168 2162 vel
1192 2139 1274 2170 rosa,

943 2177 997 2210 Sic
1020 2187 1040 2210 a
1064 2178 1124 2211 Dei
1150 2178 1299 2211 laudibus

987 2227 1055 2258 vita
1077 2226 1201 2259 vitiosa.

940 2299 1087 2341 Tangens
1112 2304 1253 2333 montem
1275 2300 1380 2334 bestia.

993 2347 1089 2381 debet
1112 2349 1262 2391 lapidari,

940 2396 984 2429 Et
1008 2397 1158 2438 indignus
1183 2398 1279 2431 timeo

988 2446 1088 2486 plecti
1112 2455 1216 2488 poena
1239 2448 1322 2492 pari,
