1653 2668
715 145 973 181 —191—

211 268 217 274 .
245 237 332 274 Deus
356 240 390 273 in
416 243 449 272 te
476 243 613 282 gratiam

292 289 411 321 mundo
438 289 627 331 declaravit,

244 336 378 377 Quando
404 337 468 369 tuis
494 336 623 371 fletibus

291 386 396 416 motus
423 386 590 424 reparavit

244 432 397 464 Fractum
416 433 622 473 capisterium
637 445 645 473 3

292 489 353 523 mc,
381 488 475 521 quem
499 481 682 522 inquinavit

246 527 358 569 Culpa,
386 536 445 568 per
470 531 503 561 te
528 528 649 570 abluat,

291 576 345 617 qui
369 579 403 609 te
429 577 602 610 coronavit.

193 636 215 666 ¹.
241 630 282 667 In
307 633 427 667 virtute
451 633 582 666 Domini

290 682 408 714 multos
434 683 594 715 revocasti

241 729 382 762 Satanae
406 730 553 771 imperio,

293 786 372 819 quos
398 777 568 812 vivificasti

241 825 384 867 Corpore
410 828 442 859 ct
466 828 574 859 anima

291 878 324 906 et
348 883 402 907 eos
427 875 579 916 salvasti,

241 922 319 963 Fac,
346 931 388 955 ne
413 931 512 964 regno
538 922 660 963 spolier

294 979 364 1003 cum
390 971 503 1011 regina
526 970 652 1004 vasthi.

207 1053 215 1061 .
244 1025 327 1062 Cura
352 1037 480 1069 semper
505 1029 545 1061 de
569 1038 621 1061 me
644 1029 686 1060 sit

290 1076 360 1118 tibi,
386 1077 441 1117 pie
466 1081 570 1117 pater,

241 1124 292 1156 Ne
317 1125 349 1157 in
375 1133 427 1157 me
451 1125 639 1164 praevaleat

289 1172 391 1205 hostis
415 1181 504 1204 meus
529 1174 619 1215 ater3

239 1220 308 1253 Fac
332 1223 368 1252 ut
394 1222 533 1253 clemens
557 1220 637 1253 mihi
661 1221 705 1253 sit

289 1269 345 1309 pia
370 1268 432 1301 Dei
454 1272 568 1308 mater,

240 1316 286 1349 Ut
311 1316 425 1357 dignus
451 1315 576 1349 efficiar

290 1373 359 1397 esse
384 1366 405 1398 J
407 1373 463 1397 esu
487 1364 599 1398 frater.

903 245 936 277 8.

900 636 930 669 9.

877 1030 931 1065 10.

964 241 1015 277 Tu
1039 243 1073 275 in
1098 244 1187 275 terra
1210 243 1333 282 positus

1013 292 1171 323 coelorum
1197 292 1321 322 secreta

963 338 1171 371 Pei-lustrasti
1194 338 1329 377 spiritu3

1012 384 1066 418 fac
1091 389 1127 417 ut
1153 394 1272 426 pompa
1296 389 1406 425 spreta

963 433 1152 466 Seducentis
1177 432 1298 465 saeculi

1011 481 1131 513 Christi
1156 481 1215 513 sim
1239 481 1370 525 athleta,

961 529 1101 562 Cernens
1128 529 1195 569 ejus
1220 527 1337 561 faciem

1008 577 1151 618 gaudens
1176 576 1248 609 sinc
1271 580 1367 610 meta.

957 632 1054 669 Uircs
1080 645 1100 668 a
1123 637 1157 667 te
1181 636 1308 675 postulo

1007 683 1163 724 Indignus
1190 682 1382 715 claustralis.

960 732 1037 764 Tuis
1062 740 1114 763 me
1140 730 1316 764 defendere

1010 780 1151 821 digneris
1176 778 1234 812 sub
1260 778 1330 819 alis,

961 828 1007 862 Ut
1032 830 1145 860 exutus
1171 827 1324 867 omnibus

1007 876 1121 916 quibus
1146 884 1284 917 premor,
1311 876 1404 908 malis

959 924 1086 965 Jugiter
1110 932 1315 964 permaneam

1009 971 1087 1004 Jesu
1111 972 1297 1012 subjugalis,

959 1027 1058 1064 Sexto
1084 1032 1159 1063 ante
1182 1028 1303 1061 obitum

1009 1078 1061 1109 die
1085 1081 1118 1110 tc
1143 1078 1266 1117 portari

957 1125 1057 1158 Jubes
1083 1127 1116 1157 in
1142 1125 1310 1157 ecclesiam

1005 1173 1114 1214 ibique
1140 1173 1279 1215 humari3

956 1223 1024 1255 Fac
1048 1231 1108 1263 me,
1135 1225 1229 1262 pater
1252 1221 1372 1262 inclite,

1005 1272 1110 1302 tecum
1137 1270 1289 1303 collocari

955 1319 995 1351 In
1020 1318 1159 1350 aeternis
1182 1318 1307 1359 gaudiis

1004 1369 1173 1406 tecumque
1193 1365 1318 1398 laetari.

264 1430 345 1459 Orat.
368 1440 422 1459 ms.
443 1431 633 1460 Lehninense
654 1432 725 1460 anni
749 1429 831 1460 1518.
856 1432 926 1460 Cod.
949 1432 1115 1461 Berolinen.
1136 1432 1190 1460 IV<
1226 1430 1272 1459 29.

610 1553 666 1585 161.
706 1554 752 1586 De
772 1554 881 1586 sancto
901 1553 1075 1586 Benedieto.

209 1668 215 1675 .
243 1645 325 1688 Ave,
352 1647 447 1684 pater
473 1649 506 1678 et
529 1648 675 1687 patrone,

241 1693 478 1726 Monachorum
504 1694 619 1726 ductor
643 1693 736 1736 bone,

240 1741 419 1775 Benedictc
442 1744 547 1782 pater,
576 1751 645 1782 ave,

238 1790 322 1823 Mihi
347 1790 512 1830 peccatori
538 1788 621 1823 fave.

209 1873 215 1879 .
244 1848 362 1880 Preces
388 1857 475 1880 meas
502 1847 703 1881 admittendo

239 1896 285 1930 Et
310 1896 429 1930 obnixe
455 1897 644 1930 deducendo

239 1945 278 1979 In
305 1944 463 1985 effectum,
491 1944 649 1986 quidquid
674 1947 761 1986 peto,

238 1993 286 2026 Te
311 1994 431 2027 accedo
458 1994 557 2026 corde
581 1994 685 2034 Iacto,

205 2077 212 2084 .
240 2050 462 2092 Supplieando
487 2050 643 2091 studiose,

239 2100 286 2133 Ut
310 2102 356 2139 tu,
384 2102 478 2140 pater
503 2099 653 2142 gloriose,

239 2148 431 2182 Intercedas
457 2147 545 2188 apud
571 2147 744 2190 Christum,

236 2196 287 2230 Ne
313 2195 412 2229 fallar
437 2204 497 2237 per
522 2196 675 2228 mundum
700 2196 815 2238 istum3

205 2281 213 2289 .
239 2254 285 2289 Et
309 2263 403 2287 omne
428 2262 488 2295 per
512 2262 565 2286 me
591 2254 792 2287 commissum

237 2303 289 2337 Ne
312 2311 365 2335 me
389 2305 515 2343 mergat
538 2302 574 2335 in
597 2302 759 2342 abyssum,

237 2352 303 2386 Sed
331 2360 371 2384 ex
398 2353 466 2384 toto
490 2350 660 2392 poenitere

237 2400 277 2434 Iu
301 2400 365 2433 hac
389 2400 458 2433 vita
481 2404 515 2432 et,
540 2398 670 2444 deflere,

879 1647 910 1679 5.

876 2256 907 2289 8.

936 1646 1005 1678 Fac
1029 1646 1061 1676 et
1087 1645 1214 1677 demum
1239 1652 1444 1685 praecavere,

937 1693 1041 1725 Deum
1066 1701 1146 1733 prae
1172 1693 1272 1725 oculis
1297 1692 1436 1733 haber03

936 1741 989 1774 Ne
1013 1741 1195 1782 delinquam
1220 1749 1331 1773 rursus
1355 1749 1467 1781 prave,

938 1790 1001 1824 Cor
1026 1789 1067 1821 ad
1093 1789 1196 1822 Deum
1222 1798 1347 1821 sursum
1374 1789 1474 1823 trahe.

940 1846 1054 1887 Corde,
1082 1856 1161 1880 voce
1185 1847 1313 1880 laudem
1338 1847 1452 1888 Deum,

936 1894 1144 1929 Reflectendo
1170 1904 1268 1935 super
1294 1904 1364 1927 cum

938 1944 1054 1977 Omnes
1079 1944 1165 1977 vires
1192 1946 1224 1976 et
1248 1952 1401 1976 conamen

937 1992 1034 2025 Suum
1060 1993 1223 2025 exorando
1250 2001 1375 2026 nomen.

936 2051 983 2085 Ut
1008 2058 1157 2083 excessus
1180 2050 1227 2083 sic
1253 2050 1454 2092 deplangam,

939 2098 982 2132 Ut
999 2107 1063 2131 non
1081 2101 1155 2139 post
1170 2098 1254 2131 hanc
1270 2100 1368 2132 vitam
1381 2100 1509 2141 longam

936 2147 999 2179 Pro
1025 2146 1167 2187 peccatis
1192 2146 1295 2179 feram
1316 2157 1463 2189 poenam,

934 2195 1071 2228 Invitari
1097 2194 1150 2228 fac
1171 2196 1214 2228 ad
1240 2205 1382 2237 coenam,

936 2253 1001 2287 Ubi
1026 2253 1133 2286 nullus
1160 2257 1210 2286 est
1236 2253 1390 2297 defectus,

936 2302 983 2335 Ut
1006 2301 1130 2335 ibidem
1153 2302 1215 2335 sim
1240 2303 1372 2347 electus,

937 2350 1071 2392 Angelis
1098 2354 1348 2393 conregnaturus

934 2399 981 2432 Et
1004 2409 1025 2432 a
1047 2400 1132 2432 malo
1157 2400 1219 2433 sim
1240 2409 1383 2436 securus.

258 2467 340 2496 Orat.
361 2476 416 2495 ms.
438 2467 620 2504 Tegurimun
641 2468 713 2495 anni
736 2464 818 2496 1470.
840 2463 915 2495 Cim.
935 2467 1090 2495 Monacen.
1112 2465 1221 2497 20021.
