1653 2668
134 231 141 237 ’
159 248 167 256 .
189 219 329 255 Mundus
355 221 403 250 est
426 214 626 256 sophisticus,

190 269 263 302 Non
287 268 414 305 amicus,
440 263 582 305 pisticus,

237 316 337 349 Ridet
357 321 449 354 nunc,
474 320 557 343 nunc
581 308 728 347 frendet3

192 364 282 404 Quod
308 364 478 395 clementer
502 358 632 399 respicit

190 411 305 450 Hodie,
332 418 401 442 cras
428 407 573 449 despicit,

237 459 385 491 Tribulat
406 459 439 487 et
461 455 587 495 premit.

158 569 166 576 .
190 545 303 578 Fallax
327 547 393 583 ejus
417 541 530 583 gratia,

192 592 289 626 Modo
315 592 368 623 dat
394 589 517 627 solatia,

236 639 334 672 Modo
361 638 414 670 dat
438 637 627 673 lamentum3

190 687 305 721 Probis
331 686 382 718 dat
408 683 553 726 angarias

191 735 311 768 Multas
336 736 428 772 atque
452 730 567 773 varias,

236 782 347 822 lmpiis
371 781 544 820 argentum.

162 896 168 902 .
194 868 291 901 Modo
318 868 381 908 dat,
409 873 479 898 cras
503 862 620 903 recipit

190 916 236 948 Et
259 915 305 946 sic
323 914 436 946 ludens
463 911 582 951 decipit

238 963 301 997 Hic
322 970 384 994 non
408 961 629 996 advertentes3

191 1010 329 1052 Tollens,
354 1008 438 1048 quod
461 1007 525 1047 jam
552 1005 694 1044 dederat,

193 1057 260 1091 Sibi
283 1066 346 1088 non
372 1054 575 1087 confoederat

237 1105 368 1138 Animos
393 1101 576 1143 prudentes.

159 1219 166 1225 .
192 1191 278 1223 Rara
303 1189 485 1227 consolatio,

189 1238 361 1277 Multiplex
384 1235 534 1274 turbatio,

237 1284 299 1318 Hic
323 1284 446 1317 dolores
471 1282 576 1325 mille3

190 1332 265 1365 Vita
287 1335 397 1364 nostra
419 1330 536 1373 labilis,

195 1380 301 1412 Status
326 1378 499 1416 variabilis,

237 1427 335 1460 Ridet
357 1425 419 1466 hic,
444 1424 500 1457 flet
522 1424 587 1455 1110,

161 1541 167 1547 .
191 1514 256 1545 Iste
277 1510 334 1544 flet
355 1511 530 1552 penuriam,

191 1561 252 1593 Ille
274 1558 328 1591 flet
352 1559 501 1598 injuriam

238 1607 298 1640 Vel
322 1615 448 1638 suorum
472 1608 623 1644 mortem3

190 1655 283 1687 Alter
307 1663 376 1686 cum
400 1653 508 1686 inedia

191 1702 284 1734 Mille
308 1700 415 1734 suffert
438 1701 548 1733 taedia

239 1749 286 1783 Ob
312 1749 498 1789 stupendam
524 1751 650 1780 sortem.

158 1860 166 1867 .
193 1835 259 1867 Iste
284 1843 408 1866 rursum
430 1834 601 1874 quaeritur,

192 1882 250 1921 Qui
274 1882 392 1914 morbis
418 1881 599 1919 conteritur,

239 1929 311 1962 Alio
332 1929 478 1972 valente3

191 1976 288 2009 Modo
313 1975 430 2009 fluxum
454 1977 583 2017 patitur,

189 2024 286 2056 Modo
312 2023 402 2056 febre
426 2025 577 2064 quatitur,

238 2071 334 2104 Dolet
356 2072 409 2104 hic
431 2072 465 2104 in
491 2072 595 2104 dente.

162 2183 168 2190 .
192 2157 258 2189 Iste
284 2157 369 2188 dolet
390 2157 566 2198 humerum,

191 2203 303 2235 Multis
327 2213 422 2246 super
439 2214 603 2237 numerum

238 2250 361 2284 Morbis
384 2254 546 2293 anxiatur3

193 2299 286 2330 Alter
308 2299 341 2331 in
365 2299 495 2333 lascivia

193 2345 324 2377 Instruit
347 2348 498 2388 convivia,

239 2392 405 2434 Nunquam
427 2396 614 2429 infirmatur.

753 109 824 148 264

871 127 918 135 -Α-

818 209 872 243 10.
899 208 991 242 Alius
1015 206 1167 240 irascitur

814 537 868 570 11.

814 862 867 895 12.

815 1188 868 1219 13.

815 1510 869 1545 14.

814 1836 869 1869 15.

815 2161 869 2194 16.

892 256 939 290 Et
961 256 1045 288 intus
1072 254 1264 296 depascitur,

943 303 1034 343 Quod
1058 312 1121 335 non
1146 304 1323 345 exaltatum

894 352 1047 385 ambiens
1075 351 1213 393 divitias,

893 400 1058 433 Honorum
1084 399 1225 440 delicias,

941 448 1113 488 Nunquam
1136 450 1245 480 tamen
1268 450 1368 480 satur.

896 535 1030 574 Quidam
1057 543 1075 566 e
1101 535 1260 567 contrario

895 583 1028 623 Semper
1052 592 1111 614 usu
1136 583 1226 614 vario

943 630 984 662 Se
1009 631 1220 674 humiliantes,

893 679 1057 718 Spernunt
1078 678 1275 716 transitoria,

894 726 945 759 De
969 726 1098 758 coelesti
1119 725 1221 767 gloria

941 773 1074 815 Semper
1098 773 1301 805 meditantes.

893 860 1016 901 Torpet
1038 860 1092 892 hic
1117 860 1232 900 acidia,

894 908 955 941 1110
978 916 1058 949 prae
1079 907 1203 940 invidia

942 956 1049 988 Semet
1072 956 1177 996 ipsum
1201 954 1298 996 rodit,

894 1003 990 1037 Illum
1013 1005 1064 1036 ira
1088 1003 1241 1046 stimulat,

893 1051 957 1083 Hic
981 1060 1088 1084 amare
1111 1051 1241 1083 simulat

942 1099 1136 1142 Proximum,
1164 1107 1255 1138 quem
1281 1098 1359 1130 odit.

894 1187 959 1218 Iste
984 1194 1059 1217 vero
1084 1185 1220 1226 patiens,

894 1233 990 1274 Spem
1014 1234 1049 1265 in
1072 1233 1141 1265 Deo
1165 1233 1298 1272 jaciens,

942 1280 1107 1313 Sustinens
1131 1288 1312 1321 perversos,

893 1329 1052 1362 Exsecrat
1077 1328 1220 1368 dissidia,

896 1377 1012 1409 Procul
1038 1375 1077 1408 ab
1100 1376 1224 1408 invidia

941 1425 1040 1457 Amat
1062 1424 1238 1457 universos.

894 1509 958 1543 Hic
984 1513 1156 1543 conventus
1180 1510 1294 1543 loculis

896 1558 982 1591 Cibis
1007 1562 1102 1598 atque
1126 1559 1250 1599 poculis

941 1606 1045 1638 Nimis
1070 1615 1105 1637 se
1130 1606 1294 1649 distendit,

892 1653 954 1687 1110
977 1655 1087 1687 vivens
1112 1655 1240 1694 parcius

895 1701 938 1734 Se
963 1702 1151 1743 constringit
1175 1703 1287 1742 artiuS,

942 1748 1076 1782 Carnem
1102 1750 1290 1789 vilipendet.

895 1834 959 1868 Hic
982 1839 1019 1867 ut
1044 1836 1226 1869 emissarius

895 1883 1094 1916 Continendo
1120 1884 1222 1916 rarius

944 1931 1084 1963 Lumbos
1109 1941 1173 1964 non
1199 1934 1383 1975 compescit,

895 1978 956 2010 IIle
979 1979 1196 2012 immunditias

895 2026 1071 2067 carnisque
1095 2029 1266 2068 spurcitias

941 2074 1081 2107 Multum
1105 2075 1314 2112 abhorrescit.

897 2160 970 2200 Sed,
995 2161 1069 2201 heu,
1095 2160 1185 2195 fraus
1210 2164 1354 2206 erigitur,

895 2208 1004 2240 Virtus
1031 2209 1226 2252 crucifigitur

941 2257 1061 2290 Contra
1083 2268 1229 2292 normam
1250 2262 1344 2303 juris,

894 2304 1015 2337 Tantus
1041 2314 1131 2340 error
1157 2307 1267 2341 devius

895 2352 1077 2387 Puniendus
1103 2356 1228 2389 saevius

941 2400 1002 2433 Est
1026 2403 1060 2435 in
1086 2406 1251 2439 creaturis
