1655 2669
207 225 225 258 7
232 250 240 258 .
267 221 389 259 Gratae
397 227 529 268 quidem
537 231 613 261 sunt
620 230 810 270 scripturae,

170 1209 225 1244 10.

167 1536 223 1570 11.

165 1866 220 1898 12.

162 2197 219 2230 13.

710 131 969 167 —251—

310 274 374 307 Sed
400 276 502 308 amari
525 277 623 317 tituli,

257 321 344 355 Dum
375 332 415 355 ex
439 323 489 355 his
515 327 625 357 tantae
646 326 796 365 jacturae

305 371 531 404 Memorantur
554 374 677 414 populi,

259 418 352 457 Quod
377 419 497 452 cadunt
521 423 570 452 tot
595 424 770 460 creaturae,

305 467 368 499 Tot
394 467 513 501 Christi
538 469 712 502 vernaculi.

255 549 326 586 Heu
351 563 412 595 me,
440 554 519 586 secti
545 557 620 586 sunt
642 554 750 595 Alani,

304 601 449 644 JasoneS,
476 602 587 643 Iberii,

253 650 433 690 Jacobitae,
460 649 603 682 Nubiani

301 698 347 730 Et
370 698 425 739 qui
449 701 573 730 restant
596 698 698 739 Tyrii,

255 746 399 787 Armeni,
428 745 601 787 Georgiani

305 794 476 834 Vicinique
500 794 615 835 Ziquii.

220 906 225 912 .
252 877 329 914 Indi
354 881 484 922 quidem
509 881 726 923 baptizantur,

303 929 373 970 Qui,
402 930 546 971 quamvis
571 931 740 971 innumeri,

256 977 330 1010 Non
356 978 515 1010 accedunt
538 986 598 1010 nec
622 981 778 1011 vocantur

301 1026 357 1059 Ad
381 1026 490 1058 sedem
517 1026 681 1067 clavigeri,

254 1073 319 1106 Sed
345 1075 403 1106 sub
431 1082 527 1106 causa
550 1077 781 1107 conversantur

300 1122 457 1155 Johannis
481 1122 674 1162 presbyteri.

251 1207 421 1244 Kalendas
446 1210 528 1242 ritus
555 1209 761 1252 Graecorum,

301 1258 419 1290 Fidem
439 1260 474 1289 et
496 1258 633 1291 consilia

255 1306 407 1347 Sequitur
431 1314 509 1346 gens
534 1306 746 1347 Bulgarorum

298 1354 344 1387 Et
370 1356 480 1395 gentes
508 1354 549 1386 de
573 1354 684 1386 Jascia

250 1403 430 1443 Populique
453 1402 675 1434 Euthenorum

300 1450 477 1490 Cunctique
503 1450 543 1483 de
568 1449 691 1486 Servia.

250 1534 353 1577 Lapsi
378 1539 454 1569 sunt
477 1536 664 1569 Nestoriani

297 1585 436 1626 Decepti
462 1583 603 1625 fallacia,

252 1633 351 1666 Nulla
377 1635 536 1675 quaerunt
558 1632 707 1666 Africani

298 1682 444 1714 Romana
465 1681 589 1721 judicia

251 1729 420 1771 Ignotique
444 1733 520 1761 sunt
544 1728 682 1762 Farfani

299 1778 399 1811 Mixti
424 1786 495 1809 cum
520 1776 668 1818 perfidia.

248 1862 368 1899 Misere
392 1864 627 1906 patriarchales

297 1914 440 1953 Quatuor
465 1912 632 1954 ecclesiae,

250 1961 338 2001 Quae
361 1964 398 1994 ut
421 1961 516 1993 bases
542 1961 745 1994 cathedrales

297 2009 496 2043 Substabant
519 2010 704 2053 primariae,

250 2059 298 2092 Ut
321 2059 454 2091 arbores
479 2059 681 2090 autumnales

295 2107 452 2140 Substant
474 2107 679 2147 ignominiae.

246 2192 330 2230 Nam
354 2194 628 2234 Jerosolymitana

290 2244 336 2277 Et
359 2243 437 2276 urbs
462 2242 664 2286 Antiochiae,

246 2291 603 2331 Constantinopolitana

290 2341 336 2374 Et
359 2340 437 2373 urbs
461 2340 693 2381 Alexandriae,

245 2390 420 2424 Calcantur
444 2391 539 2430 gente
561 2387 711 2432 profana,

291 2438 449 2481 Nequam,
475 2438 574 2478 plena
597 2437 699 2471 rabie.

874 229 928 263 14.
956 227 981 264 Ο
1005 230 1104 272 Deus,
1131 239 1188 262 cur
1214 231 1395 266 Christiana

1001 279 1098 311 Plebs
1121 278 1168 310 ita
1193 278 1400 314 diffinditur‘f

956 325 1019 358 Gur
1045 327 1174 358 deserta
1197 328 1250 359 via
1273 329 1371 368 plana

1001 373 1064 405 Per
1089 382 1220 413 asperas
1249 378 1406 420 graditur,

954 420 1016 453 Cur
1041 430 1119 461 gens
1144 423 1265 463 angelis
1290 434 1441 465 germana

1002 469 1065 501 Tot
1086 470 1180 502 malis
1205 472 1397 512 subjicitur?

870 554 925 589 15.
950 552 1055 589 Porro
1079 557 1175 589 talem
1203 558 1396 593 dissuturam

1001 603 1190 638 Graviorem
1215 608 1328 649 sentio,

953 652 1032 692 Quia
1057 656 1238 686 curatorum
1265 665 1371 689 curam

998 700 1161 734 Modicam
1186 703 1340 745 adspicio,

951 748 1013 780 Vix
1039 752 1097 791 est,
1131 750 1185 790 qui
1211 755 1322 784 contra
1341 754 1500 793 ¹jacturam

997 797 1117 830 Penset
1142 798 1182 830 de
1206 801 1358 835 remedio.

869 882 923 915 16.
952 880 1059 922 Quare
1084 884 1197 917 vivunt
1222 888 1272 918 tot
1295 890 1440 927 perversi

995 932 1149 965 Latentes
1173 933 1339 976 haeretici,

949 980 1039 1012 Inter
1061 980 1174 1013 fideles
1201 982 1339 1022 dispersi

997 1028 1043 1060 Ut
1063 1029 1132 1068 lupi
1156 1029 1317 1062 malefici?

948 1074 993 1107 Et
1018 1077 1072 1116 qui
1097 1076 1246 1109 videntur
1272 1081 1428 1123 conversi,

997 1124 1084 1156 Raro
1109 1127 1185 1156 sunt
1211 1126 1369 1161 catholici.

865 1209 920 1244 17.
946 1207 1011 1244 Rei
1034 1213 1147 1244 secant
1169 1211 1284 1244 Ariani

992 1258 1145 1292 Divinam
1168 1260 1348 1301 essentiam,

948 1306 1154 1340 Confundunt
1178 1306 1353 1340 Sabelliani

995 1355 1209 1388 Personarum
1232 1357 1376 1397 gloriam,

946 1402 1136 1444 Negantque
1160 1404 1325 1444 Pelagiani

994 1451 1187 1491 operantem
1213 1452 1359 1492 gratiam,

862 1537 917 1570 18.
945 1533 1047 1571 Stoici
1072 1537 1183 1569 mundi
1208 1540 1365 1582 naturam,

990 1585 1141 1618 Formam
1167 1588 1198 1617 et
1223 1586 1434 1620 substantiam

946 1633 1049 1665 Deum
1077 1633 1188 1666 dicunt
1212 1636 1244 1666 et
1268 1633 1403 1675 figuram

994 1682 1073 1722 EJ'us
1100 1681 1383 1723 circumstantiam,

944 1728 1105 1763 Facturae
1133 1733 1301 1770 praestant
1326 1733 1492 1774 culturam,

992 1778 1125 1811 Factori
1149 1778 1390 1819 blasphemiam.

862 1864 917 1897 19.
944 1861 1115 1898 Tabefacti
1139 1865 1324 1898 Manichaei

989 1913 1079 1946 Duos
1102 1912 1188 1945 Deos
1213 1915 1413 1957 praedicant,

943 1961 1106 2002 Corporea
1130 1961 1259 2002 quidem
1283 1963 1332 1995 rei

990 2009 1077 2042 Fore
1100 2009 1163 2043 Dei
1178 2011 1336 2053 judicant,

945 2057 1122 2100 ceteraque
1147 2058 1224 2091 boni
1247 2059 1319 2103 Dei,

990 2108 1077 2148 Quae
1101 2107 1202 2149 magis
1228 2108 1444 2150 magnificant.

859 2194 916 2227 20.
941 2190 1125 2227 Valdenses
1151 2193 1363 2229 vociferantes

988 2242 1136 2276 Diversis
1162 2244 1324 2277 erroribus

942 2291 1036 2324 Meos
1059 2292 1223 2333 praelatos
1249 2299 1421 2328 causantur

989 2340 1039 2372 De
1063 2341 1226 2382 perversis
1251 2343 1402 2386 moribus,

942 2388 1023 2421 Suos
1047 2391 1172 2422 tantum
1197 2390 1396 2425 arbitrantur

989 2437 1095 2480 Fungi
1119 2447 1215 2479 posse
1239 2440 1393 2477 clavibus,
