1653 2668
204 231 237 263 3.
263 229 498 269 Quinquaginta
520 227 679 267 superasti

262 278 369 317 Atque
392 276 461 308 Dco
484 275 631 316 pretiasti

308 324 462 356 Doctores
486 322 657 354 malevolos

263 371 549 411 constrinxistique
569 370 709 410 reginam

262 420 326 452 Per
351 418 490 451 divinam
512 417 701 450 medicinam

306 466 465 506 Linquere
490 465 683 505 vaniloquos.

205 534 237 565 4.
265 533 359 572 Cujus
386 540 488 574 causa,
516 540 533 562 o
556 531 672 574 puella,

259 578 333 611 Tibi
356 579 457 610 multa
479 581 553 610 sunt
575 576 702 619 flagella

304 627 388 659 Data
408 635 467 666 per
489 625 695 667 Maxentium,

264 674 326 706 Sed
352 674 499 714 sprevisti
527 672 740 706 blandimenta

262 721 381 754 Cuncta
403 730 516 761 prosus
543 723 575 752 et
598 724 756 753 tormenta

307 768 361 802 Ad
385 769 519 801 salutem
543 769 693 809 gentium.

205 837 236 870 5.
263 835 437 876 Capitalem
460 835 553 868 nimis
580 836 649 868 dire

260 884 355 917 Jussa
379 883 507 915 tandem
531 891 564 914 es
589 884 696 915 subire

307 931 351 963 Et
375 931 443 970 pati
467 931 673 972 sententiam;

260 978 311 1010 En
336 986 386 1010 res
411 979 500 1021 mira,
526 987 585 1018 pro
612 987 723 1011 cruore

265 1025 330 1057 Lae
352 1027 493 1058 manavit
515 1026 594 1058 miro
620 1035 708 1058 more

309 1072 417 1105 Plebis
441 1074 483 1105 ad
508 1075 731 1113 praesentiam.

820 127 891 164 216
938 148 985 154 —

889 227 919 260 6.
945 226 991 258 Et
1013 225 1169 257 accedens
1193 226 1377 266 angelorum

947 273 1121 305 Multitudo
1146 272 1310 306 beatorum

995 320 1116 360 Corpus
1141 323 1228 352 tuum
1254 321 1412 353 tumulant

944 369 989 401 Et
1011 368 1045 400 in
1069 369 1165 401 coelis
1189 368 1290 400 multa
1316 369 1397 401 dona

946 416 1049 457 Super
1075 416 1184 449 datum
1210 424 1279 448 esse
1302 416 1388 448 bona

990 464 1128 497 Animae
1151 465 1360 496 accumulant.

886 531 917 564 7.
940 530 1026 572 Ergo
1052 529 1130 562 felix
1156 534 1187 563 et
1208 530 1302 563 beata

944 577 1135 618 Katharina,
1167 578 1289 611 sociata

991 626 1124 666 Angelis
1149 627 1181 658 in
1207 626 1318 667 gloria,

946 674 1061 707 Omnes
1085 674 1144 705 tibi
1170 673 1360 706 famulantes

942 721 988 754 Et
1009 721 1157 762 juvamen
1183 722 1383 762 postulantes

991 768 1086 802 Habe
1107 769 1140 801 in
1164 770 1326 803 memoria.

886 836 916 869 8.
940 836 977 868 In
1001 845 1109 868 eorum
1133 836 1244 869 mortis
1267 837 1347 869 hora

945 883 1044 916 Adsis
1071 884 1132 916 cito
1155 885 1224 917 sine
1247 893 1338 917 mora

992 931 1131 964 Turbam
1158 931 1271 972 fugans
1297 932 1445 973 hostium,

945 979 1018 1011 Tibi
1041 979 1128 1011 Deus
1153 989 1226 1012 nam
1251 980 1410 1020 promisit,

945 1027 1083 1066 Quisque
1107 1028 1166 1060 tibi
1190 1036 1225 1059 se
1250 1028 1417 1069 commisit,

988 1074 1139 1107 Reddere
1162 1076 1321 1109 solatium.

545 1141 576 1172 9.
600 1141 673 1182 Eja,
706 1141 793 1181 virgo
817 1142 1007 1185 praeelecta,

600 1188 675 1221 Duc
695 1197 745 1220 me
769 1192 874 1221 tecum
896 1190 929 1222 in
956 1190 1075 1222 dilecta

646 1236 709 1268 Dei
731 1237 949 1278 tabernacula,

601 1283 665 1316 Ubi
689 1292 803 1324 sequar
826 1286 894 1317 sine
914 1284 978 1317 fine

602 1331 719 1363 Tecum
744 1333 828 1373 regis
854 1335 886 1363 et
910 1333 1038 1373 reginae

648 1382 773 1420 Agnum
799 1380 868 1412 sine
892 1381 1027 1413 macula.

281 1440 360 1468 Orat.
381 1449 432 1468 ms.
453 1450 528 1470 saec.
552 1440 593 1470 lb.
616 1443 684 1472 Cod.
706 1444 777 1472 bibl.
796 1446 961 1474 Rossianae
980 1455 1003 1475 s.
1024 1455 1052 1473 n.

614 1592 675 1625 195.
715 1593 758 1625 De
778 1595 887 1626 sancta
906 1594 1094 1628 Katharina.

232 1699 263 1730 1.
289 1698 467 1732 Katharina
487 1701 583 1741 regia,

287 1746 391 1790 Virgo,
418 1751 541 1789 martyr
566 1750 699 1793 egregia,

288 1794 438 1833 Speciosa
462 1795 615 1839 amabilis,

287 1841 447 1874 Generosa
469 1843 651 1886 laudabilis,

230 1889 262 1921 5.
288 1889 385 1930 Virgo
411 1890 529 1924 Christi
556 1893 741 1934 castissima,

287 1936 409 1976 Sponsa
433 1939 500 1978 ejus
526 1939 719 1982 dignissima,

285 1983 364 2017 Esto
388 1985 466 2017 mihi
490 1988 639 2031 propitia,

288 2031 384 2070 Quem
408 2034 508 2066 multa
528 2039 662 2074 gravant
685 2037 773 2071 vitia.

283 2079 392 2120 rasso,
415 2090 540 2120 precor,
565 2087 754 2126 compatere,

289 2127 342 2159 Ad
366 2129 398 2158 te
423 2129 594 2169 compellor
619 2130 738 2175 fugere,

288 2174 366 2213 Quia
389 2184 451 2207 non
475 2186 603 2216 possum
628 2189 762 2221 pergere

209 2125 262 2157 10.

286 2221 349 2253 Pro
373 2231 433 2263 me,
459 2227 493 2256 tu
517 2234 643 2258 manum
668 2228 807 2269 porrige,

286 2269 367 2301 Vide
390 2279 491 2303 meam
514 2273 673 2307 miseriam

285 2315 329 2348 Et
351 2321 552 2357 peccatorum
577 2323 699 2355 veniam

207 2361 259 2395 15.
285 2363 367 2396 Mihi
393 2366 501 2400 confer
522 2377 582 2409 per
605 2372 739 2411 gratiam

287 2412 312 2441 A
336 2412 405 2444 Deo
426 2415 485 2447 tibi
508 2418 660 2450 traditam

968 1706 1026 1746 Qui
1051 1707 1110 1739 tibi
1136 1708 1327 1749 sapientiam

966 1754 1108 1787 Donavit
1132 1758 1164 1787 et
1187 1758 1375 1798 potentiam,

969 1802 1037 1841 Qua
1061 1802 1206 1836 rhetores
1233 1806 1422 1839 convincere

967 1849 1102 1882 Potuisti
1126 1852 1292 1885 celerrime

966 1897 1010 1929 Et
1033 1897 1077 1929 ad
1100 1898 1205 1932 Deum
1230 1906 1420 1935 convertere

967 1945 1004 1977 ln
1031 1946 1173 1979 crucifixi
1198 1950 1334 1993 nomine,

968 1992 1036 2025 Hos
1062 1995 1104 2027 ad
1130 1996 1209 2028 coeli
1233 1998 1387 2037 palatium

965 2041 1178 2076 Praemittens
1202 2053 1263 2084 per
1286 2048 1486 2087 martyrium.

968 2088 992 2121 O
1016 2089 1131 2123 beatae
1153 2091 1316 2132 primitiae

966 2136 1053 2170 Tuae
1077 2143 1207 2173 sanetae
1230 2142 1374 2184 militiae,

964 2185 988 2217 Ο
1014 2184 1117 2219 virilis
1143 2191 1333 2234 constantia,

965 2232 1104 2266 Vincens
1127 2235 1249 2269 blanda
1273 2242 1308 2271 et
1330 2249 1456 2282 aspera,

966 2280 1065 2319 Quam
1088 2292 1152 2316 non
1176 2286 1318 2319 mulcent
1343 2288 1513 2328 blanditia,

965 2328 1035 2361 Nec
1060 2330 1224 2366 deterrent
1248 2337 1417 2377 supplicia.

965 2377 1144 2418 1mperator
1168 2381 1352 2417 Maxentius

969 2424 1111 2459 Caedens
1136 2431 1168 2461 tc
1193 2432 1424 2475 scorpionilnis‚

884 1849 940 1882 20.

885 2089 940 2120 25.

884 2328 939 2360 30.
