1655 2669
161 374 216 407 10.

158 614 212 648 15.

157 855 214 888 20.

156 1096 211 1129 25.

154 1337 212 1371 30.

153 1578 207 1612 35.

155 1819 214 1853 40.

150 2063 209 2097 45.

150 2305 207 2340 50.

685 133 948 169 —249—

241 229 415 270 Agricolae
439 229 545 264 invisi.

240 278 301 318 Qui
326 277 452 309 vineam
477 278 639 317 plantavit

241 325 286 358 Et
310 325 345 357 in
369 325 454 358 hanc
476 327 604 359 vocavit

243 373 366 406 Multos
392 374 556 414 operarios

244 421 307 453 Per
332 421 474 462 singulos
501 421 660 463 denarios,

242 469 302 509 Qui
329 478 451 502 summo
477 478 570 502 mane
594 470 705 502 mundi

240 518 306 550 Pro
331 517 482 550 mercede
505 518 625 550 nummi

240 566 349 598 Adam
372 565 563 608 introduxit,

240 613 341 653 Quem
365 622 498 654 serpens
525 614 664 647 seduxit.

239 662 332 694 Hora
356 670 432 694 vero
458 665 551 694 sexta

241 709 326 743 Fide
349 710 533 742 subintexta

240 757 409 790 Abraham
434 758 578 798 intravit,

241 806 302 845 Qui
326 808 437 838 natum
461 806 647 839 immolavit.

239 854 332 886 Hora
356 863 432 886 vero
457 862 542 887 nona

239 903 304 936 Per
329 903 470 943 scriptae
494 902 575 943 legis
601 901 685 934 dona

234 950 367 992 Moyses
394 949 539 991 intravit,

238 999 299 1039 Qui
327 999 517 1039 decalogum
543 998 696 1038 portavit.

236 1047 417 1080 Undecima
443 1045 551 1078 David

237 1095 311 1127 Rex
336 1094 540 1134 subintravit,

240 1143 301 1182 Qui
326 1142 456 1175 fortiter
480 1140 633 1182 pugnavit

237 1191 283 1223 Et
309 1189 470 1223 Christum
495 1188 654 1230 figuravit.

237 1239 384 1271 Tandem
411 1237 558 1271 Christus
583 1237 681 1279 venit,

240 1287 301 1326 Qui
326 1287 508 1319 mercedem
536 1286 636 1324 dedit,

241 1335 301 1375 Qui
329 1335 433 1367 crucis
457 1334 491 1367 in
517 1333 651 1375 angaria

238 1383 386 1416 Calcavit
409 1382 604 1423 torcularia,

237 1433 298 1472 Qui
323 1440 383 1471 per
409 1429 640 1463 confessionem

238 1480 289 1512 De
316 1488 411 1511 cruce
435 1480 595 1512 latronem

235 1529 275 1561 In
300 1528 490 1569 paradisum
516 1526 618 1567 duxit,

234 1577 334 1617 Quem
359 1584 431 1608 sero
456 1575 619 1608 conduxit.

234 1626 314 1658 Post
337 1624 423 1656 hunc
447 1623 663 1664 patriarchae,

235 1673 341 1714 Reges
371 1675 404 1704 et
427 1671 608 1713 prophetae

237 1721 427 1754 Mercedem
453 1721 658 1759 acceperunt,

231 1770 292 1810 Qui
317 1769 445 1810 pondus
470 1769 684 1808 portaverunt

241 1820 360 1851 Aestus
389 1820 422 1850 et
447 1816 521 1850 diei.

236 1866 291 1899 Sic
316 1866 423 1907 gratia
445 1865 508 1898 Dei

236 1914 322 1954 Quos
348 1913 616 1955 praedestinavit,

234 1963 303 1996 Hos
328 1966 361 1994 et
385 1962 611 1995 remuneravit.

234 2013 315 2045 Post
339 2011 397 2043 hos
425 2010 565 2043 duodeni

237 2061 346 2101 Atque
372 2058 533 2091 Nazareni

233 2109 280 2142 Et
304 2108 523 2148 evangelistae

234 2157 282 2190 Te
307 2159 492 2197 sequuntur,
522 2154 658 2187 Christe.

235 2207 316 2239 Post
340 2205 401 2237 hoc
427 2203 530 2237 crucis
556 2203 706 2243 victores,

233 2253 361 2287 Deinde
384 2251 594 2294 confessores,

235 2302 313 2335 Cum
339 2301 411 2334 oleo
436 2300 614 2342 prudentes

231 2351 378 2384 Fuerant
404 2351 574 2391 sequentes

219 2400 329 2441 -Regis
354 2407 506 2439 sponsam
530 2396 649 2439 mag-ni,

234 2449 359 2483 Novam
382 2450 516 2488 nuptam
541 2446 626 2487 agni,

877 282 931 314 55.

878 519 934 552 60.

876 759 931 792 65.

875 998 929 1031 70.

876 1238 932 1271 75.

876 1477 931 1511 80.

875 1719 931 1751 85.

874 1960 929 1993 90.

871 2202 913 2234 95

849 2444 916 2478 100

959 231 1049 264 Tunc
1074 230 1298 271 epithalamica

959 279 1102 320 Sponsae
1128 278 1300 311 cantabant
1324 278 1457 311 cantica.

956 327 1051 360 Hanc
1074 328 1192 360 intrate
1217 326 1353 370 vineam,

956 375 1003 409 Ut
1026 375 1180 407 malorum
1204 375 1329 407 veniam

957 423 1142 456 Inveniatis.

963 470 1026 503 Gur
1051 471 1144 503 otiosi
1167 469 1285 503 statis?

962 519 1026 551 Gur
1048 527 1112 551 non
1136 519 1301 562 laboratis,

957 566 1004 600 Ut
1027 566 1167 599 fructum
1191 565 1356 601 afferatis?

959 614 1023 647 Cur
1046 623 1110 647 non
1135 613 1305 657 festinatis,

956 662 1003 695 Ut
1027 671 1135 696 omnes
1159 663 1333 695 occurratis

958 710 1125 743 Ecclesiae
1149 719 1277 751 sponso,

958 757 1017 797 Qui
1049 758 1136 791 videt
1159 759 1193 790 in
1219 758 1382 799 absconso,

958 806 1017 845 Qui
1040 807 1221 839 mercedem
1247 806 1376 846 tribuet,

959 853 1035 886 Cum
1061 854 1279 887 Samaritanus
1303 853 1429 886 rediet?

958 901 1021 934 Sex
1045 902 1163 944 gradus
1189 903 1314 943 aetatis,

956 949 1003 982 Ut
1026 950 1226 992 intelligatiS,

956 997 1020 1029 Hic
1043 996 1311 1038 praefigurantur.

958 1045 1018 1084 Qui
1042 1045 1124 1077 bene
1148 1047 1331 1085 operantur,

956 1093 1106 1133 Regnant
1129 1093 1161 1124 in
1188 1095 1371 1132 aeternum;

957 1140 1166 1173 Descendunt
1188 1141 1222 1172 in
1247 1139 1417 1181 infernum,

959 1188 1018 1228 Qui
1044 1188 1173 1221 stabunt
1199 1188 1303 1229 otiosi,

956 1236 1091 1277 Semper
1117 1236 1289 1274 criminosi,

958 1284 1042 1324 Quos
1067 1292 1159 1316 nemo
1186 1284 1348 1325 conduxit,

958 1332 1054 1373 Cujus
1079 1330 1137 1364 fios
1164 1332 1298 1373 examii,

959 1380 1037 1413 Cum
1061 1389 1156 1412 verus
1180 1380 1229 1413 sol
1253 1380 1397 1412 incaluit.

957 1429 1021 1461 Per
1045 1437 1123 1470 quos
1150 1428 1189 1460 ab
1215 1426 1353 1460 infantia

957 1477 1021 1509 Per
1046 1485 1103 1509 ora
1127 1476 1291 1517 lactantia,

955 1525 1036 1557 Mox
1060 1533 1080 1555 a
1102 1523 1243 1563 pueritia³

959 1572 1035 1605 Cum
1062 1572 1159 1604 animi
1184 1571 1366 1614 prudentia,

956 1621 994 1653 In
1020 1619 1237 1653 adolescentia

958 1668 1036 1701 Cum
1061 1668 1158 1700 animi
1182 1667 1310 1708 peritia,

958 1717 1037 1749 Mox
1061 1716 1096 1749 in
1118 1717 1296 1758 juventute,

956 1765 1082 1797 Dehinc
1106 1765 1139 1796 in
1165 1766 1328 1796 senectute

955 1814 1009 1846 Ad
1036 1814 1161 1845 vineam
1186 1820 1346 1854 vocamur,

957 1862 993 1894 In
1021 1870 1083 1902 qua
1110 1869 1309 1894 coronamur.

955 1910 994 1943 In
1018 1909 1133 1942 ultima
1157 1911 1263 1941 aetate

957 1958 1035 1990 Sero
1059 1957 1216 1991 laborate.

957 2007 1036 2040 Gum
1061 2014 1133 2038 sero
1159 2004 1279 2038 factum
1305 2006 1399 2044 esset,

956 2055 1002 2088 Ut
1026 2054 1119 2087 labor
1140 2054 1253 2086 mundi
1279 2055 1390 2093 cesset,

954 2103 1117 2135 Vocantur
1142 2102 1281 2143 operarii

953 2151 998 2184 Et
1024 2152 1142 2184 dantur
1168 2151 1292 2183 denarii

953 2200 1025 2241 His,
1052 2199 1106 2241 qui
1132 2208 1203 2232 sero
1230 2201 1394 2232 venerunt.

952 2248 1043 2281 Tunc
1067 2248 1164 2289 primi
1188 2249 1383 2289 putaverunt

955 2296 996 2330 Se
1020 2297 1094 2338 plus
1120 2299 1319 2338 accepturos,

955 2345 1034 2379 Cum
1058 2347 1152 2387 patre
1176 2348 1363 2387 regnaturos

953 2394 998 2427 Et
1020 2394 1084 2435 ipsi
1109 2398 1312 2436 acceperunt,

956 2442 1020 2476 Sed
1044 2446 1334 2487 murmuraverunt,
