1653 2668
200 711 255 744 10.

198 952 252 985 15.

737 126 997 161 —219-

640 219 701 251 197.
740 221 785 253 De
805 222 914 253 sancto
937 222 1087 264 Longino.

250 303 257 309 .
284 279 364 318 Ave,
391 279 483 311 miles
508 280 636 324 nobilis,
978 285 1087 325 Atque
1110 286 1285 326 gratiarum

287 326 432 368 Longine
455 329 713 373 translanciator,
977 332 1115 373 Pelagus
1142 333 1310 374 deigenum

284 375 333 407 Tu
358 376 466 408 cordis
493 378 524 408 et
549 377 661 410 lateris
976 381 1021 413 Et
1046 381 1243 425 deliciarum,

283 422 362 456 Jesu
385 427 557 459 reserator.
975 429 1169 461 Immensum
1196 428 1387 471 profluvium

249 497 256 502 .
285 470 400 504 Grates
425 472 487 504 tibi
511 473 680 516 plurimae,
893 476 949 510 20.
976 477 1227 517 opulentiarum.

284 519 364 558 Quia
386 521 562 553 thalamum
589 521 729 554 dulcoris
977 525 1027 557 Tu
1053 534 1122 557 cum
1147 526 1261 558 lancea
1285 529 1350 569 tua,

281 568 319 600 111
345 568 447 600 latere
473 567 577 601 fecisti
976 572 1001 605 O
1030 577 1140 605 sancte
1162 574 1316 616 Longine,

280 615 301 649 ‚J
304 623 360 648 esu
385 616 548 660 amatoris,
972 619 1081 652 Aurea
1104 624 1136 653 et
1158 621 1253 663 ignea

283 662 440 697 Foederis
465 665 640 707 OsaGUhlm,
972 668 1011 700 In
1036 671 1177 702 extremo
1203 669 1266 702 fine

282 710 448 745 Cameram
473 714 601 754 amoris,
892 716 948 751 25.
975 716 1146 757 Propugna
1171 720 1203 749 et
1226 718 1340 762 libera,

281 759 374 793 Pacis
401 761 653 803 tabernaculum,
974 765 1110 797 Januam
1134 766 1263 806 pietatis

282 806 449 842 Clibanum
475 808 612 843 ardoris.
974 811 1112 845 Divinae
1135 822 1254 854 resera,

281 856 435 890 Cruorem
460 866 658 898 purpureum
978 859 1105 892 lntrare
1128 870 1180 893 me
1204 862 1274 894 sine

280 903 463 937 Extraxisti
488 907 521 937 et
545 915 697 947 aquarum
977 908 1094 940 Procul
1120 908 1173 942 fac
1196 910 1262 942 sint
1285 911 1401 943 minae.

279 950 465 986 Viventium
490 957 621 993 puteum

273 1017 354 1047 Orat.
375 1028 428 1047 ms.
450 1019 480 1048 S.
502 1021 654 1049 Caeciliae·
676 1019 830 1049 Colonien.
853 1029 930 1050 saec.
957 1020 1001 1050 15.
1033 1022 1103 1050 Cod.
1127 1023 1279 1051 Colonien.
1303 1023 1326 1051 1.

626 1113 689 1145 198.
730 1114 773 1146 De
794 1114 902 1146 sancto
923 1115 1092 1146 mammete

366 1174 506 1215 Magnus
532 1178 565 1207 et
591 1175 737 1215 insignis,
763 1176 887 1216 psalmo
913 1177 1114 1209 venerandus
1141 1180 1172 1209 et
1195 1178 1334 1221 hymnis,

367 1223 422 1255 Ad
448 1222 570 1256 calidas
594 1221 739 1256 flammas
767 1224 922 1257 deductus
949 1233 1078 1257 carcere
1098 1226 1267 1269 Mammas,

367 1271 498 1303 Insiluit
522 1274 621 1314 tutus,
646 1280 763 1312 pueros
787 1280 869 1312 puer
892 1272 966 1314 igne
991 1275 1128 1308 secutus.

371 1318 565 1352 Verberibus
591 1328 712 1359 caesus,
738 1320 796 1352 sed
821 1328 882 1351 nec
906 1324 983 1353 tunc
1006 1330 1067 1353 nec
1090 1322 1185 1355 modo
1207 1322 1324 1363 laesus,

367 1367 512 1408 Quinque
539 1368 606 1400 dies
631 1376 756 1409 passus,
782 1371 872 1400 sexto
897 1369 1055 1409 processit
1077 1369 1213 1403 massus,

271 1431 352 1460 Orat.
373 1442 427 1461 ms.
448 1442 525 1462 saec.
548 1432 592 1462 15.
615 1432 685 1461 Cod.
706 1433 823 1462 Musaei
845 1432 1035 1470 Czartoryski
1057 1432 1139 1463 1217.

612 1527 674 1560 199.
715 1526 759 1559 De
779 1526 891 1558 sancta
910 1527 1104 1568 Margareta.

274 1588 373 1628 Ave,
400 1589 490 1630 virgo
513 1589 717 1631 Margareta,
910 1589 941 1622 4.
970 1588 1048 1621 Cum
1073 1591 1109 1621 tu
1133 1589 1295 1623 Christum
1321 1589 1481 1623 confiteris

274 1636 392 1676 Sponsi
416 1637 530 1669 summi
553 1646 635 1679 quae
659 1639 784 1670 secreta
970 1637 1138 1671 Carcerari
1162 1647 1236 1670 mox
1257 1638 1391 1682 juberis,

322 1685 478 1719 Penetras
503 1686 660 1726 cubicula,
1016 1686 1094 1718 Post
1118 1686 1179 1718 hoc
1202 1686 1236 1717 in
1262 1687 1373 1728 equleo

272 1732 321 1765 Ibi
347 1742 407 1775 per
433 1735 550 1767 amoris
576 1743 676 1766 nexus
965 1733 1101 1766 Laniata
1125 1734 1158 1766 vi
1183 1736 1325 1779 tortoris,

270 1781 430 1823 Fideique
454 1791 513 1823 per
538 1783 704 1823 amplexus
966 1781 1096 1813 Rubens
1120 1785 1228 1814 manat
1254 1781 1325 1815 fons
1350 1784 1471 1816 cruoris

320 1830 510 1865 Celebratur
536 1831 659 1872 copula.
1014 1829 1155 1869 Corpore
1181 1830 1335 1871 virgineo.

269 1888 334 1928 Eja
359 1898 495 1930 corpore
519 1888 670 1931 formosa,
907 1890 937 1921 5.
966 1887 1053 1920 Grau
1066 1888 1129 1931 de,
1157 1886 1237 1920 felix
1260 1888 1454 1934 Margareta,

268 1935 352 1969 Fide
375 1938 476 1979 magis
502 1938 658 1979 speciosa,
961 1936 1011 1968 Tu
1034 1936 1155 1968 virtute
1179 1936 1300 1970 Christi
1324 1936 1409 1970 freta

317 1985 367 2019 Tu
389 1986 559 2027 praeclara
583 1993 708 2028 genere,
1011 1984 1253 2025 Triumphatrix
1277 1985 1399 2028 inclita,

268 2033 455 2076 Margareta
478 2036 548 2068 Deo
577 2037 678 2077 grata,
962 2030 1160 2066 Infernalem
1185 2036 1220 2065 tu
1245 2033 1416 2067 draconem

269 2081 455 2116 Gratiarum
482 2083 637 2116 decorata
959 2081 1004 2113 Et
1028 2081 1188 2121 ingentem
1213 2083 1395 2122 passionem

314 2131 360 2165 Et
385 2133 539 2165 virtutum
564 2140 703 2164 munere.
1007 2129 1117 2162 Vincis
1145 2129 1271 2163 Christo
1298 2132 1421 2166 dedita.

266 2189 409 2233 Salve,
436 2192 549 2222 sancta
572 2189 767 2231 Margareta,
903 2190 933 2222 6.
960 2189 1048 2229 Quae
1074 2187 1146 2220 dum
1175 2188 1295 2221 cultum
1321 2189 1490 2225 detestaris

264 2237 440 2279 Voluptate
463 2238 575 2271 mundi
600 2240 710 2278 spreta
958 2236 1133 2277 Idolorum,
1161 2236 1312 2270 cruciaris

313 2286 470 2328 Omnique
493 2286 635 2320 ludibrio
1005 2284 1094 2318 Diris
1123 2285 1235 2326 poenis
1260 2285 1390 2328 ignium,

263 2334 398 2368 Hostem
421 2343 555 2375 superas
581 2336 756 2379 antiquum,
957 2335 1052 2375 Aqua
1075 2331 1197 2374 frigens
1223 2334 1298 2366 dum
1323 2336 1476 2379 succedit,

264 2383 430 2417 Castitatis
454 2384 618 2416 inimicum
957 2382 1022 2415 Sed
1032 2391 1096 2415 non
1108 2382 1253 2422 laedenS,
1267 2383 1394 2418 Christo
1403 2385 1507 2419 credit

311 2432 385 2466 Una
411 2442 479 2464 cum
507 2432 649 2474 Olybrio.
1003 2430 1114 2464 Turba,
1138 2431 1275 2472 quinque
1299 2433 1432 2468 milium.
