1653 2668
715 144 973 181 —227—

196 244 228 276 4.
254 241 433 276 Infrunitus
459 244 492 276 vi
516 244 643 277 ruboris

254 290 370 324 Vibrat,
393 301 484 324 arina
506 301 582 325 mox
606 291 725 324 furoris

302 339 348 371 Te
369 339 486 379 jubens
511 339 660 380 interfici,

254 386 319 419 Sed
346 387 509 420 decretum
533 388 595 421 hoc
618 388 762 421 horroris

251 435 359 468 Mutat
382 438 486 468 mater
510 436 646 469 sanioris

304 483 419 517 Cordis
445 487 477 516 et
504 483 619 517 deifici.

194 571 226 605 5.
252 569 355 602 Domo
381 570 483 610 patris
508 571 681 603 occultaris

246 617 291 650 Et
314 627 374 658 per
399 627 514 651 annum
543 618 690 651 educaris

299 666 410 698 Abrae
434 666 623 707 ministerio,

253 714 331 747 Post
356 717 388 746 te
415 724 524 747 rumor
548 715 715 755 popularis

257 762 370 795 Prodit
397 771 493 795 causa
518 762 689 804 singularis

296 809 379 843 Late
401 811 435 843 in
460 811 626 853 mysterio.

196 898 227 930 6.
254 896 338 929 Nam
364 900 430 928 tum
452 897 562 929 nutrix
579 899 803 938 praeparatur,

253 947 341 984 Quae
364 945 450 978 itura
475 945 697 985 proscribatur

299 993 419 1025 Tecum
443 993 477 1025 in
503 994 644 1036 exilium,

251 1040 316 1074 Sed
343 1042 383 1074 de
407 1040 484 1082 fuga
510 1041 585 1073 dum
610 1043 777 1082 tractatur,

250 1088 364 1122 PaIma
389 1090 562 1122 claustrum
587 1089 765 1130 inspiratur

299 1137 362 1170 Dei
385 1147 445 1177 per
471 1138 648 1170 consilium,

196 1225 228 1257 7.
253 1224 329 1257 mic
354 1224 445 1257 annis
471 1233 528 1257 sex
549 1224 661 1265 ignota

249 1272 426 1313 Tamquam
451 1281 575 1314 pauper
603 1275 635 1304 et
659 1275 800 1314 aegrota,

299 1320 386 1354 Orba
412 1321 497 1353 dulci
522 1320 651 1365 lumine,

249 1369 356 1401 Patris
382 1368 516 1401 aedibus
541 1371 674 1409 remota,

249 1416 348 1449 Lates
375 1416 562 1457 baptismali
586 1416 654 1449 lota

299 1464 369 1498 Nec
393 1466 522 1498 lustrali
545 1463 686 1497 flumine.

190 1554 221 1585 8.
249 1552 349 1586 Jubet
367 1551 514 1585 Christus
540 1552 615 1584 hinc
634 1551 798 1592 benignus,

249 1601 391 1641 Pergens
417 1599 460 1633 ad
486 1602 519 1632 te
538 1601 668 1639 praesul
688 1600 801 1641 dignus

293 1648 466 1682 Erhardus
490 1648 661 1691 Bavariae,

248 1697 313 1729 Det
337 1696 496 1729 sacrantis
521 1697 628 1729 undae
654 1696 779 1737 pignus,

250 1745 318 1784 Quo
346 1745 498 1785 depulsus
523 1744 549 1776 it
573 1744 732 1786 malignus

295 1794 387 1827 Artis
412 1792 620 1826 multifariae.

185 1883 216 1915 9.
243 1880 415 1922 Baptizata
440 1881 514 1913 dum
541 1879 734 1922 chrismaris,

246 1930 347 1971 Vigor
375 1929 466 1962 venit
490 1928 628 1961 ocularis

297 1978 375 2011 Cum
401 1976 535 2019 fulgoris
561 1976 647 2017 acie3

242 2027 332 2061 Mira
355 2035 408 2058 res
436 2029 468 2058 et
492 2025 655 2066 salutariS,

245 2076 347 2118 Intus,
377 2076 469 2107 extra
495 2073 695 2106 conustraris

294 2123 396 2157 Simul
422 2123 494 2155 luce
520 2122 654 2163 gratiae.

165 2212 220 2246 lo.
248 2211 375 2244 Crescit
396 2209 500 2242 virtus
526 2218 598 2242 cum
624 2211 740 2252 aetate,

248 2259 351 2292 Grata
375 2267 498 2291 morum
524 2257 698 2300 probitate,

294 2308 408 2341 Noxae
431 2315 551 2341 necans
577 2306 725 2349 scoriam,

246 2357 341 2391 Mens
365 2356 493 2396 repleta
519 2355 654 2387 caritate

247 2405 384 2440 Carnem
413 2405 522 2437 domat
549 2403 698 2436 castitate

294 2453 411 2488 Mundi
437 2452 566 2486 calcans
592 2452 737 2494 gloriam.

871 243 924 276 11.

866 569 921 603 12.

864 896 919 930 13.

862 1222 918 1257 14.

865 1551 918 1583 15.

863 1877 916 1911 16.

862 2207 917 2240 17.

950 243 1192 284 Unguentorum
1215 243 1278 276 hoc
1303 243 1402 276 odore

949 292 1107 325 Avulsisti
1130 291 1243 324 mundi
1266 289 1345 324 flore

994 340 1075 372 Tres
1100 340 1241 381 germani
1263 339 1357 380 filias,

948 387 1115 420 Trinitatis
1140 388 1172 420 in
1198 389 1319 421 honore

951 436 1178 468 Permansuras
1203 444 1274 468 cum
1298 436 1406 468 virore

995 483 1075 516 Tres
1100 484 1254 524 plantasti
1279 484 1374 516 tiliaS.

949 569 1060 602 Palma
1085 571 1223 603 claustro
1251 571 1326 603 dum
1351 571 1491 614 donaris,

948 617 1005 650 Cui
1028 621 1131 651 mater
1155 618 1311 659 delegaris

994 666 1025 698 A
1052 666 1178 699 Christo
1205 665 1321 708 odilia,

947 715 1013 754 Quo
1039 723 1156 755 sagena
1180 715 1247 747 voti
1268 714 1355 755 paris

947 761 997 794 De
1021 763 1165 802 procella
1188 763 1292 803 magni
1319 762 1416 795 maris

995 810 1111 843 Trahis
1137 810 1179 843 ad
1204 813 1236 842 te
1260 810 1358 843 milia.

946 896 1083 929 Dicens:
1111 905 1218 929 omnes
1244 896 1306 928 huc
1330 896 1446 936 venite,

946 944 1046 976 Ferte
1067 946 1176 985 jugum
1202 945 1311 986 sponsi
1336 944 1421 984 mite,

990 993 1100 1033 Ipsum
1125 1001 1181 1025 vos
1207 992 1338 1024 alleviet

947 1041 1001 1073 Ad
1029 1040 1219 1072 currendam
1245 1040 1329 1072 viam
1354 1040 1426 1081 rite,

948 1088 1034 1127 Quae
1059 1088 1101 1120 ad
1125 1091 1235 1128 portas
1263 1088 1351 1120 ducit
1374 1088 1469 1129 vitae,

992 1136 1143 1169 Vestrum
1167 1137 1257 1168 nulla
1283 1136 1398 1169 deviet.

944 1222 1014 1255 Has
1040 1222 1184 1262 exempto
1211 1223 1368 1255 castitatis

947 1270 990 1302 Et
1014 1271 1180 1303 mirandae
1204 1270 1383 1302 sanctitatis

995 1319 1185 1352 Constanter
1209 1318 1360 1351 aedificas

943 1367 999 1399 Ad
1025 1368 1240 1407 contemptum
1262 1367 1414 1399 vanitatis

943 1415 1159 1455 Amoremque
1183 1415 1384 1455 paupertatis

991 1462 1132 1496 Hortatu
1157 1461 1319 1496 aedificas

946 1550 1076 1582 Patrem
1102 1550 1206 1582 sciens
1231 1549 1265 1581 in
1290 1550 1457 1581 tormentis

944 1598 1003 1631 Pia
1027 1605 1125 1637 prece
1151 1599 1183 1630 et
1207 1597 1354 1630 lamentis

992 1646 1144 1678 Exsolvis
1168 1645 1337 1686 supplicio,

947 1694 1022 1725 Vini
1047 1702 1103 1726 vas
1131 1692 1308 1726 deficientis

944 1742 1062 1783 Replet
1085 1750 1172 1775 mero
1197 1751 1299 1782 purae
1323 1741 1437 1774 mentis

992 1790 1126 1823 Sacrata
1149 1789 1273 1831 petitio

944 1877 1024 1910 Post
1047 1877 1161 1909 adesse
1185 1875 1281 1909 finem
1306 1876 1433 1917 pandis,

945 1925 1021 1959 Tibi
1046 1926 1140 1958 detur
1164 1925 1265 1958 honor
1291 1924 1422 1967 grandis

991 1975 1058 2015 Quo
1086 1974 1166 2006 coeli
1189 1973 1319 2014 palatio,

944 2021 1008 2055 Sed
1038 2023 1222 2063 priusquam
1247 2022 1326 2054 illuc
1350 2022 1492 2062 scandis,

943 2070 1090 2103 Filiabus
1117 2070 1224 2103 verbis
1247 2070 1377 2103 blandis

990 2119 1102 2152 Dulcis
1128 2118 1165 2151 fit
1191 2119 1329 2152 collatio.

943 2207 982 2239 In
1006 2215 1070 2247 qua
1092 2204 1194 2238 fortes
1220 2206 1433 2248 adhortando,

942 2254 1066 2288 Tristes
1091 2254 1145 2296 pie
1170 2255 1363 2287 sonsolando

993 2304 1055 2337 Tui
1082 2304 1139 2336 das
1165 2303 1359 2345 memoriam,

943 2352 1113 2393 Templum
1137 2354 1253 2393 petunt
1275 2352 1337 2385 hae
1360 2355 1492 2395 orando,

942 2401 1085 2442 Sponsus
1110 2401 1203 2434 adest
1228 2402 1390 2435 evocando

993 2450 1040 2483 Te
1066 2451 1107 2484 ad
1134 2450 1215 2484 coeli
1240 2450 1383 2492 gloriam.

1262 2506 1321 2537 15*
