1653 2668
681 150 937 186 —143-

168 245 200 279 8.
227 247 309 289 Ave,
337 245 434 278 decus
459 246 639 286 mulierum,

229 294 315 328 Cleri
340 303 475 336 gemma,
501 295 557 327 lux
583 295 717 333 dierum,

273 342 355 385 Ave,
385 343 464 374 coeli
490 343 610 384 gloria3

226 391 307 430 Ave,
335 391 449 422 summi
474 391 558 431 regis
583 393 694 432 nupta,

223 439 305 477 Ave,
332 446 449 478 parens
474 438 673 480 incorrupta,

271 487 352 528 Ave,
379 486 477 527 plena
501 487 614 527 gratia.

170 583 200 616 9.
230 582 335 622 Super
360 592 469 615 omnes
492 592 509 615 o
537 583 663 622 decora,

225 631 311 663 Reus
337 639 394 672 ego
419 631 489 663 sine
513 640 604 664 mora

269 679 323 712 Ad
347 681 382 711 te
403 681 545 712 tremens
569 688 720 720 propero,

223 727 310 760 Dum
335 730 480 769 peccata,
507 736 590 768 quae
616 728 771 771 commisi,

222 775 292 808 Nec
316 784 380 808 non
405 774 499 819 bona,
524 784 605 816 quae
630 776 732 818 omisi,

267 823 368 856 Flens
394 832 451 864 ego
476 823 655 856 considero.

144 922 197 954 10.
224 920 278 952 Ad
303 922 337 952 te
363 929 467 960 curro,
494 929 585 960 quam
612 919 754 961 turbavi,

225 968 326 1008 Quam
350 968 469 1008 injuste
494 968 636 1000 laceravi

267 1015 449 1049 Horrendis
475 1017 636 1057 pei-Juriis,

225 1065 325 1105 Quam
352 1073 391 1096 ex
417 1064 514 1097 corde
538 1073 601 1097 non
628 1063 732 1096 amavi

222 1112 267 1145 Et
291 1121 386 1153 quam
411 1121 525 1152 parum
550 1112 705 1145 honoravi

268 1160 396 1193 Debitis
421 1160 593 1201 obsequiis.

142 1258 196 1292 11,
222 1257 275 1290 Ad
301 1260 335 1289 te
361 1266 465 1298 curro,
493 1266 544 1289 me
568 1264 722 1296 peccasse

222 1306 467 1347 Recognoscens
494 1308 526 1336 et
550 1313 684 1348 errasse,

266 1354 315 1388 Ut
338 1354 382 1386 sit
405 1355 495 1386 locus
519 1353 643 1394 veniae,

226 1404 282 1435 Me
306 1411 401 1443 quam
428 1401 508 1434 dure
535 1400 740 1434 remordente

224 1451 270 1484 Et
294 1452 335 1483 ad
362 1450 449 1482 istud
478 1449 691 1490 compellente

266 1499 387 1532 Verme
410 1497 636 1532 conscientiae.

142 1598 196 1631 12.
225 1597 328 1631 Gurro
355 1594 459 1627 factus
482 1596 550 1635 jam
575 1602 639 1625 11011
667 1593 774 1638 durus,

225 1645 327 1678 Curre
352 1644 467 1677 vulnus
492 1646 688 1682 ostensurus,

264 1692 462 1726 Medicantis
488 1699 587 1731 opera

223 1742 254 1774 A
279 1744 313 1773 te
336 1750 472 1781 sperans
497 1741 677 1782 reportare,

225 1791 293 1822 Ista
320 1798 413 1822 eures
439 1797 514 1829 ergo
543 1788 631 1827 dare,

269 1838 353 1872 Dum
380 1837 551 1878 requirunt
574 1838 730 1877 tempora.

834 247 888 282 13.

835 584 887 617 14.

835 922 889 954 15.

836 1257 889 1289 16.

912 247 997 281 Dum
1024 251 1072 280 est
1092 256 1204 280 recens
1223 247 1348 290 vuanS,
1377 254 1462 285 cura,

914 296 964 329 Ne
988 298 1154 337 putrescat
1178 299 1210 328 et
1231 296 1358 335 jactura

959 344 1113 377 Gausetur
1132 352 1192 385 per
1217 343 1314 383 vitia3

915 391 1039 425 Vulnus
1064 401 1168 425 meum
1192 394 1241 424 est
1263 392 1439 435 peccatum,

915 439 964 473 Tu
990 449 1129 482 purgare
1151 441 1370 481 perpetratum

955 488 1033 531 Tua,
1060 491 1173 529 mater,
1196 488 1308 529 gratia.

915 583 950 616 Si
974 584 1117 625 peccavi,
1144 593 1207 616 non
1233 592 1357 626 excuso,

913 632 1015 666 Immo
1040 641 1130 665 reum
1153 641 1204 664 me
1228 641 1353 673 accuso,

958 680 1066 713 Prosit
1088 680 1170 712 haee
1194 679 1371 721 confessio;

916 727 979 760 Sed
1005 728 1089 768 quod
1117 728 1207 760 deest
1229 728 1417 768 poenitenti,

911 776 1040 818 Purget,
1066 779 1179 816 mater,
1206 777 1239 808 in
1265 776 1428 817 praesenti

958 824 1030 856 Tua
1052 824 1251 858 intercessiO.

915 919 987 952 Hoc
1011 920 1169 952 instanter
1195 930 1215 952 a
1236 922 1268 951 te
1292 923 1377 961 peto,

916 968 965 1000 Ne
990 971 1182 1009 praeventus
1209 967 1295 1000 forte
1320 968 1397 1010 leto,

959 1016 1050 1056 Quod
1073 1016 1170 1057 absit,
1197 1016 1236 1049 ad
1263 1014 1359 1048 inferi

916 1063 1053 1096 Domum
1078 1066 1198 1103 mittar,
1224 1064 1280 1096 ubi
1304 1068 1415 1106 melus,

917 1110 981 1145 Ubi
1009 1112 1100 1144 dolor
1123 1114 1172 1143 est
1196 1115 1228 1143 et
1251 1110 1355 1152 fietus,

959 1159 1024 1192 Ubi
1050 1160 1168 1199 degunt
1191 1160 1311 1194 miseri,

915 1257 988 1290 ι111111
1011 1255 1083 1295 plus
1107 1255 1238 1296 loquens
1256 1264 1296 1287 118
1311 1256 1462 1288 molestus

914 1304 985 1337 Dici
1011 1303 1131 1344 possim
1156 1304 1208 1336 vel
1232 1302 1378 1336 infestus.

957 1351 1033 1384 Non
1056 1351 1215 1392 permittit
1238 1352 1341 1391 ratio3

915 1400 1066 1432 Misereri
1090 1403 1181 1439 potes
1206 1400 1280 1441 mei,

916 1449 954 1481 In
981 1449 1041 1480 1108
1065 1456 1149 1488 ergo,
1175 1450 1277 1479 mater
1301 1446 1373 1488 Dei,

959 1495 1060 1528 Nulla
1083 1495 1127 1528 sit
1152 1494 1274 1529 dilatio.

839 1592 893 1626 17.
920 1591 969 1625 Tu
994 1600 1054 1634 me,
1082 1591 1132 1622 cui
1157 1599 1218 1623 non
1245 1590 1412 1634 occultavi,

920 1639 980 1682 Tu,
1007 1639 1058 1671 cui
1082 1647 1210 1671 causam
1234 1638 1376 1672 revelavi

961 1688 1079 1727 Meam,
1106 1687 1184 1719 mihi
1212 1686 1313 1720 filium

916 1736 1018 1769 Plana
1039 1738 1128 1768 tuum
1150 1736 1232 1768 hora
1255 1735 1377 1776 mortis,

917 1783 964 1818 Ut
984 1785 1143 1824 justorum
1170 1792 1298 1816 consors
1322 1783 1419 1815 sortis

961 1832 1027 1865 Sim
1053 1835 1128 1873 post
1153 1833 1212 1864 hec
1238 1832 1392 1867 exsilium.

487 1945 543 1978 18.
568 1943 686 1977 Dicam
709 1942 840 1974 tandem
864 1940 998 1979 illative‚

569 1991 625 2025 Nil
651 1999 815 2032 apponens
842 1988 1003 2022 exclusive

613 2039 678 2074 Sed
699 2038 867 2072 includens
892 2036 1008 2079 omnia,

570 2088 652 2128 Quia
675 2088 761 2120 salus
788 2095 821 2119 83
849 2088 1044 2126 cunctorum,

571 2136 622 2171 Sit
645 2145 705 2178 per
729 2138 855 2176 tempus
880 2133 1077 2166 saeculorum

615 2184 691 2217 Tibi
714 2186 786 2217 laus
812 2186 845 2215 et
868 2183 980 2225 gloria.

216 2276 298 2305 Orat.
326 2282 380 2302 ms.
405 2271 546 2308 ‘regui-in.
579 2279 657 2300 saec.
686 2268 729 2298 15.
759 2270 832 2298 Olm.
859 2268 1014 2297 Monaeen.
1044 2264 1154 2295 20001.
1179 2266 1215 2295 A.
1241 2282 1280 2287 -—
1300 2267 1381 2296 Orat.
1408 2276 1463 2296 ms.

134 2318 176 2345 Te
219 2317 276 2344 rin.
297 2321 374 2342 saec.
398 2309 443 2339 15.
466 2309 539 2338 Clm.
560 2309 716 2338 Monacen.
740 2307 774 2337 19
783 2306 842 2337 824
860 2309 893 2336 B.
916 2323 954 2327 -—-
976 2307 1049 2334 Clm.
1070 2306 1224 2334 Monacen.
1245 2304 1293 2342 (01.
1314 2306 1463 2343 Tegurin.)

138 2354 173 2384 19
199 2352 237 2384 36
258 2361 336 2383 saec.
360 2349 403 2379 15.
425 2349 457 2378 C.
477 2363 516 2368 —-
537 2347 562 2384 6,
586 2346 604 2376 5
623 2348 692 2377 fidei
714 2347 861 2376 offerentis
881 2346 967 2376 ABG.
