1653 2668
707 105 866 140 —228
915 127 957 133 —

177 196 232 232 18.
259 196 351 236 Veni,
378 196 435 238 ait,
460 205 580 238 sponsa
601 206 685 243 cara,

261 245 313 278 De
338 243 448 278 fallaci
474 247 506 277 et.
530 254 640 278 amara

307 295 395 335 Vita,
423 294 640 328 coronaberis.

256 343 389 383 Martyr
414 346 499 385 voto,
526 343 616 384 virgo
643 343 739 381 clara,

255 392 310 424 Ad
335 390 470 425 Luciam
494 391 542 423 ire
566 401 658 434 para,

309 440 386 474 Cum
414 449 477 481 qua
499 440 743 480 praemiaberis.

178 500 234 534 19.
260 499 408 532 Tandem
432 498 530 531 solvit
554 498 659 531 carnis
682 507 784 531 nexus

259 548 361 588 Mors,
388 556 503 581 suaves
529 547 562 579 in
587 547 753 587 amplexus

310 596 427 637 Sponsi
452 595 541 629 volas
568 595 719 637 coelitus3

258 645 297 677 111
319 653 389 685 nos.
417 652 544 685 quaeso,
574 644 635 676 duc
658 645 797 676 reflexus

260 693 408 734 Precum‚
435 692 537 725 hostis
562 701 603 724 ne
624 693 797 732 perplexus

307 741 376 774 Nos
402 743 527 774 evertat
550 740 689 781 penitus.

870 203 925 236 20.
950 204 1017 237 Fac
1035 215 1092 238 nos
1118 208 1209 249 dig-ne
1233 211 1423 251 conversari,

949 251 1048 284 Plene
1070 255 1218 289 mundum
1242 258 1405 299 aspernari

998 299 1068 332 Suis
1093 310 1160 335 cum
1185 304 1314 346 deliciiS‚

957 346 1056 387 Intus,
1082 352 1171 382 extra
1195 352 1337 386 decorari

959 393 996 426 111
1019 396 1178 434 palaestra
1201 400 1336 441 regulari

1002 442 1107 476 Sacris
1132 447 1297 480 exercitiis.

872 497 928 532 21.
953 499 1019 532 Ora
1041 508 1200 542 sponsum,
1225 504 1312 546 virgo
1334 505 1399 544 pia,

954 547 1005 579 Ne
1028 548 1188 587 privemur
1211 550 1244 581 in
1266 551 1326 583 hac
1346 552 1399 584 via

1000 595 1094 628 Visus
1121 597 1202 629 dono
1226 598 1362 640 luminis,

952 643 1020 676 Nos
1044 643 1079 675 in
1105 644 1184 677 coeli
1206 645 1319 685 politia
1377 660 1380 663 ·

955 691 1040 724 Vera
1065 690 1129 724 frui
1155 693 1209 725 det
1232 693 1344 734 sophia

1004 740 1090 773 Luce
1115 741 1190 773 celsi
1214 741 1360 775 numinis.

260 808 340 837 Orat..
362 817 397 835 m=
435 807 626 837 Lehninense
646 809 716 835 anni
740 805 821 835 1518.
845 806 914 835 0011.
935 807 1102 835 Berolinen.
1123 807 1185 837 1V⁰
1205 806 1250 835 29.
1273 823 1311 828 --
1329 809 1412 837 Nach
1432 808 1495 836 dem

178 847 264 876 Liede
291 848 368 885 fcilgt
385 856 440 875 vor
460 848 511 875 der
532 847 657 875 Oration
677 855 729 874 zur
748 846 889 883 Heiligen
908 846 985 873 noch
1006 845 1156 883 folgender
1175 846 1326 875 Versikel:

484 892 522 924 V.
545 895 650 923 Carnis
664 895 801 932 linquens
824 894 954 922 edulium
976 892 1023 930 [l.:
1046 891 1217 931 exsilium?]

542 934 589 961 Ad
619 935 712 970 zponsi
731 933 893 961 triclinium

580 973 743 1000 Laetanter
762 972 905 1007 ingressa,

483 1008 518 1040 R.
541 1010 629 1044 Sana,
651 1019 737 1038 serva
755 1010 877 1044 lumina,

541 1050 635 1086 Virgo
649 1049 738 1085 placa
755 1049 880 1076 numina

577 1088 669 1116 Prece
688 1086 844 1115 indefessa.

637 1199 699 1231 212.
739 1200 783 1231 De
802 1201 910 1231 sancto
930 1200 1034 1232 Petro.

174 1275 206 1308 1.
235 1273 340 1314 Salve,
367 1274 478 1312 pastor
502 1272 607 1313 gregis
635 1271 763 1315 Christi,

232 1322 331 1361 Quem
355 1320 518 1361 pascendo
545 1319 680 1352 docuisti

278 1369 395 1402 Fidem
420 1366 630 1408 salutiferam,

232 1416 312 1457 Ejus
338 1416 457 1449 cultum
484 1415 636 1458 dilatasti,

233 1465 399 1497 Idolorum
425 1464 611 1504 exstirpasti

284 1512 451 1553 Sequelam
475 1511 685 1546 mortiferam.

198 1596 207 1604 .
232 1570 327 1602 Prius
353 1569 463 1602 Simon
487 1570 665 1610 vocabariS,

230 1617 356 1650 Dehinc
380 1619 495 1651 Petrus
519 1618 693 1650 nominaris

279 1666 309 1697 A
334 1668 428 1706 petra
451 1665 644 1706 firmissima,

232 1712 320 1751 Quae
336 1716 387 1745 est
399 1714 545 1747 Christus
561 1717 671 1746 noster
687 1717 805 1755 rector,

233 1759 353 1794 Nostra
378 1761 465 1793 salus
492 1763 524 1792 et
547 1764 712 1801 protector

278 1808 325 1840 Et.
349 1817 422 1848 spes
448 1809 653 1842 solidissima.

173 1865 204 1897 3.
228 1864 253 1896 Ο
278 1866 421 1904 piscator
445 1867 632 1908 animarum,

233 1911 292 1950 Qui
318 1916 349 1944 et
373 1913 463 1952 prius
488 1914 665 1946 belluarum

280 1959 480 1993 Mai-inarum
504 1959 623 2002 fueras,

232 2005 270 2037 In
294 2007 357 2039 hoc
379 2009 461 2041 mari
485 2006 675 2041 fiuctuantes

233 2051 330 2086 Salva
353 2063 412 2087 nos
436 2056 657 2095 periclitantes

281 2100 328 2133 Ob
355 2102 465 2142 culpas
488 2103 670 2143 pestiferas,

200 2180 206 2187 .
229 2155 302 2187 Tibi
329 2159 472 2191 Christus
496 2160 664 2193 militantis

232 2201 344 2237 Claves
368 2214 428 2237 nec
446 2216 507 2239 non
532 2209 758 2249 triumphantis

282 2250 423 2284 Contulit
446 2254 610 2297 ecclesiae,

231 2295 277 2328 Ut
301 2299 385 2337 quod
408 2301 559 2342 solveres»,
586 2304 722 2336 solutum

232 2342 322 2380 Quod
346 2346 473 2388 ligares,
499 2349 670 2383 insolutum

276 2389 356 2430 Ejus
383 2397 467 2426 essct
489 2397 607 2437 requie.

869 1273 900 1304 5.
925 1271 972 1303 Te
996 1280 1143 1312 rogamus
1167 1274 1274 1304 mente
1299 1280 1388 1315 pura,

925 1318 1023 1352 Solve
1045 1329 1103 1352 nos
1129 1329 1147 1352 a
1170 1319 1311 1360 ligatura

976 1368 1168 1400 Nostrorum
1192 1367 1419 1411 peccaminum,

926 1415 971 1448 Ut
995 1416 1152 1456 possimus
1177 1416 1210 1448 in
1237 1415 1344 1448 futura

928 1464 1005 1496 Vita
1028 1462 1094 1495 fine
1120 1464 1260 1497 caritura

975 1512 1193 1553 Contemplari
1217 1510 1398 1546 Dominum.

891 1595 898 1601 .
925 1570 976 1601 Tu
999 1569 1116 1609 cephas
1142 1571 1361 1611 apostolorum

927 1618 1034 1658 Atque
1057 1618 1209 1658 princeps
1235 1618 1432 1659 singulorum

974 1665 1170 1698 Constitutus
1196 1666 1338 1706 coe1ituS,

924 1713 972 1746 Ut
994 1715 1068 1754 plus
1091 1712 1232 1754 flagrans
1256 1715 1291 1746 in
1313 1722 1431 1757 amore,

924 1760 1063 1801 Dignum
1090 1764 1168 1802 erat,
1196 1762 1280 1801 quod
1306 1761 1427 1794 honore

972 1808 1076 1848 Magis
1102 1817 1187 1841 esses
1212 1809 1389 1849 praeditus

888 1891 896 1899 .
924 1865 971 1898 Ob
998 1873 1138 1897 amorem
1163 1869 1229 1897 tam
1255 1870 1421 1899 extensum

922 1912 995 1944 Non
1019 1912 1173 1954 relinquis
1198 1914 1401 1947 indefensum

969 1959 1106 2000 Gregem
1130 1962 1189 1995 tibi
1214 1963 1388 2005 subditum,

921 2007 1006 2040 Para
1030 2009 1088 2041 sed
1113 2010 1205 2043 nobis
1231 2020 1398 2044 ascensum

923 2054 1081 2088 Gaudium
1107 2058 1150 2090 ad
1175 2058 1236 2090 hoc
1259 2060 1447 2093 immensum

968 2102 1056 2137 Coeli
1082 2105 1143 2137 tibi
1167 2108 1369 2147 praestitum.

886 2174 904 2194 .>
920 2159 1024 2205 Salve,
1047 2162 1145 2201 jubar
1169 2163 1341 2205 singulare,

919 2208 1061 2248 opacum
1084 2211 1268 2244 illuminare

965 2256 1117 2289 Memisti
1142 2260 1314 2301 saeculum.

917 2302 1043 2345 Dogma
1065 2308 1155 2338 tuum
1180 2308 1323 2341 salutare

920 2351 1003 2383 Vere
1030 2356 1156 2386 constat.
1180 2354 1320 2396 effugare

964 2400 1116 2433 Haeresis
1138 2402 1368 2437 umbraculum.
