1653 2668
199 235 230 268 9.

175 447 230 480 10.

177 658 230 691 11.

176 870 232 903 12.

174 1081 231 1113 13.

172 1281 227 1315 14.

174 1482 230 1516 15.

171 1684 227 1717 16.

169 1886 225 1919 17.

165 2090 221 2124 18,

162 2293 217 2327 19.

721 137 953 175 ῌ79-

259 236 322 269 0111·
346 238 379 268 te
402 238 505 268 matre
530 236 578 269 sic
602 235 777 270 orbamur?

255 281 355 316 Refer
380 293 518 325 causam,
541 294 637 325 quam
651 285 805 318 miramur

256 331 302 364 Et
325 333 438 365 audire
461 334 707 374 praestolamur,

256 380 330 412 Tibi
355 381 439 421 quod
466 382 706 421 compatiamur.

256 447 361 487 Hujus
388 457 516 481 causam
540 457 604 481 non
628 449 765 489 mireris,

258 495 323 529 Sed
347 499 384 528 ut
406 505 531 529 mecum
557 497 755 529 contristeiis

256 543 303 576 Et
328 544 440 577 dolore
464 545 607 588 socieris,

255 591 330 624 Tibi
342 592 483 632 pandam
490 593 559 633 hoc,
575 593 658 633 quod
667 592 803 633 quaeris.

257 659 322 691 Hic
346 669 366 692 a
390 659 459 692 Deo
484 660 685 700 praeelectus

257 707 302 739 Et
325 716 406 747 prae
431 708 553 740 cunctis
578 711 643 740 tam
668 708 802 740 dilectus

257 755 297 787 In
321 755 457 788 salutem
479 756 543 788 huc
568 756 718 799 directus,

261 802 363 835 Carne
387 812 458 835 mea
482 812 560 836 .vere
584 806 697 835 tectus.

258 869 347 902 Deus
372 872 486 913 exstat,
512 870 646 903 verbum
669 869 743 912 Dei,

258 917 420 958 Splendor
444 919 546 958 patris
572 917 667 950 faciei

256 965 302 998 Et-
326 968 453 998 creator
478 965 580 998 omnis
604 967 663 1005 rei,

259 1013 342 1046 Tota
365 1014 468 1046 virtus
495 1022 590 1046 verae
614 1014 693 1054 spei.

257 1079 353 1113 Hunc,
376 1090 397 1113 a
420 1083 515 1121 patre
540 1080 651 1113 datum
675 1081 748 1121 cepi

255 1128 306 1160 Ac
331 1128 372 1160 de
396 1128 512 1169 spiritu
539 1128 681 1169 concepi,

254 1175 389 1218 Sponsa,
415 1178 493 1208 nata
516 1177 602 1209 hunc
625 1177 763 1220 suscepi,

253 1223 362 1256 Mater
387 1225 477 1264 virgo
503 1225 588 1257 hunc
613 1225 735 1264 excepi.

253 1282 330 1322 Ipse
356 1282 453 1315 decor
477 1282 671 1323 angelorum,

255 1329 459 1363 Gubernator
484 1330 691 1372 singulorum,

254 1377 384 1421 Terrae,
411 1378 509 1410 maris
535 1386 574 1411 ac
598 1379 754 1421 polorum,

252 1425 403 1467 Regnans
427 1426 508 1458 solio
535 1426 703 1459 coelorum.

257 1482 332 1515 Illic
356 1482 426 1514 sine
447 1485 550 1515 matre
574 1486 677 1523 natus,

254 1530 333 1563 Sine
356 1533 451 1570 patre
474 1531 659 1563 incarnatus

254 1578 318 1610 Est
340 1578 375 1610 in
399 1578 494 1612 terris
521 1580 735 1621 conversatus,

256 1626 293 1658 In
320 1626 457 1660 salutem
483 1626 605 1659 cunctis
632 1627 736 1662 datus.

254 1685 319 1717 Per
345 1684 511 1717 doetrinae
537 1685 705 1717 veritatem

253 1733 304 1764 Ac
329 1732 488 1773 signorum
518 1732 685 1766 caritatem

254 1778 371 1813 Vitans
396 1781 509 1813 mundi
533 1781 708 1814 vanitatem

252 1828 297 1861 Et
322 1830 483 1861 carnalem
510 1829 717 1872 voluptatem,

253 1887 301 1920 Ut
324 1886 358 1919 in
381 1896 479 1927 regno
507 1887 636 1920 deitatis

254 1934 379 1967 Statum
403 1937 478 1976 post
500 1936 706 1969 mortalitatis

252 1982 410 2024 Expiatos
435 1992 457 2016 a
482 1984 625 2024 peccatis

254 2031 436 2064 Collocaret
461 2041 530 2064 cum
552 2032 664 2066 beatis.

248 2089 337 2122 Talis
363 2093 413 2122 est
437 2089 575 2123 dilectus
599 2100 699 2130 meus,

247 2139 343 2171 Jesus
369 2138 526 2180 Christus,
552 2138 645 2172 homo
671 2139 770 2181 Deus,

247 2186 321 2219 Non
348 2187 500 2227 cujusque
523 2187 601 2219 mali
626 2197 709 2229 reus,

248 2234 347 2275 Quem
371 2235 490 2267 occidit
515 2236 562 2268 516
585 2235 738 2270 JudaeuS.

245 2293 271 2327 Ο
296 2293 341 2326 1111
365 2295 443 2326 nate
467 2294 641 2336 speciosus,

245 2341 351 2383 Super
374 2351 484 2375 omnes
513 2352 695 2384 generosuS‚

247 2391 349 2432 Mitis,
377 2392 526 2435 clemens,
553 2392 722 2433 gratiosus,

242 2439 377 2482 Semper
401 2443 487 2474 totus
514 2440 711 2485 dulcorosus,

864 238 919 271 20.

862 449 917 483 21.

862 872 917 905 23.

859 1082 916 1114 24.

860 1283 916 1315 25.

860 1485 914 1516 26.

861 1685 917 1720 27.

858 1889 914 1922 28.

855 2092 911 2125 29.

854 2298 909 2330 30.

947 235 1105 275 Illibatus,
1134 235 1299 275 delicatus,

945 285 1079 318 Sanctus
1105 286 1137 315 et
1160 282 1392 323 immaculatus,

946 333 1087 373 Sponsus
1111 332 1174 364 mei
1201 330 1374 363 coelibatus

943 381 989 414 Et
1012 382 1152 413 solamen
1176 379 1341 412 incolatus.

945 449 1039 481 Visus
1064 447 1123 480 tibi
1148 446 1383 485 tenebrescunt,

945 496 1062 537 Genae,
1088 495 1176 528 labia
1199 495 1389 536 pallescunt,

943 544 1065 577 Fossae
1089 553 1200 576 manus
1222 543 1448 581 intumescunt,

945 593 1046 626 Crura
1070 594 1184 624 nutant
1212 593 1243 622 et
1267 591 1486 630 languescunt.

910 685 918 693 .
946 660 1051 699 Caput
1074 658 1174 700 spinis
1202 659 1396 698 coronatum,

945 707 1045 740 Latus
1069 709 1159 747 patet
1184 707 1374 744 lanceatum,

944 756 1060 788 Totum
1087 764 1201 795 corpus
1224 755 1425 786 vulneratum

945 803 1047 836 Cerno
1069 804 1135 843 jam
1168 802 1391 835 exanimatum.

943 871 1002 909 Ei,
1030 871 1100 911 quis
1124 870 1203 902 mihi
1228 878 1312 901 nunc
1336 877 1489 909 aquarum

943 917 1045 951 Dabit
1069 917 1189 951 fontem
1213 918 1427 957 lacrimarum,

943 966 1083 999 Tristem
1106 966 1227 998 luctum
1252 968 1285 997 et
1309 973 1452 998 amarum

944 1015 1048 1055 Super
1069 1015 1173 1047 virum
1190 1017 1255 1046 tam
1273 1013 1486 1053 praeclarum.

941 1081 1006 1113 Hic
1029 1084 1081 1113 est
1104 1081 1189 1113 ensis
1213 1080 1382 1121 Simeonis,

944 1128 1003 1168 Qui
1028 1129 1137 1169 vigore
1160 1129 1342 1169 punctionis

940 1177 996 1209 Me
1020 1177 1053 1208 in
1078 1177 1173 1209 terris
1198 1177 1307 1218 privat
1330 1175 1423 1208 bonis

943 1225 1051 1258 Omnis
1078 1225 1314 1257 consolationis.

942 1283 967 1316 Ο
993 1282 1022 1314 51
1048 1283 1112 1315 vita
1137 1292 1222 1315 nunc
1245 1283 1404 1323 privarer,

941 1330 1083 1371 Mallem,
1111 1340 1205 1371 quam
1230 1330 1277 1362 sic
1294 1333 1326 1362 te
1343 1330 1486 1371 orbarer,

942 1378 1016 1411 Jam
1040 1388 1238 1420 nequaquam
1265 1378 1485 1419 perturbarer,

943 1426 1008 1459 Sed
1030 1435 1090 1466 per
1113 1429 1249 1459 mortem
1276 1427 1470 1460 consolarer.

941 1484 1014 1516 Heu
1038 1493 1099 1525 me,
1126 1483 1182 1527 fili,
1210 1484 1288 1525 quid
1313 1484 1429 1527 fecisti,

943 1531 1007 1564 Cur
1031 1541 1083 1564 me
1106 1532 1206 1564 solam
1227 1532 1397 1573 reliquisti,

944 1579 1008 1612 Cur
1032 1589 1083 1612 me
1106 1581 1189 1612 mori
1212 1580 1343 1613 noluisti

942 1627 1052 1660 Potius
1076 1638 1169 1669 quam
1194 1631 1229 1661 tu
1254 1628 1374 1661 obisti?

945 1686 1052 1727 Gessa,
1079 1687 1179 1727 virgo,
1208 1696 1228 1719 a
1250 1687 1390 1729 ploratu,

942 1734 1054 1767 Cesset
1077 1744 1139 1767 vox
1165 1734 1204 1766 ab
1232 1735 1351 1775 ejulatu

942 1782 993 1814 Ne
1018 1782 1075 1814 sub
1102 1785 1191 1815 tanto
1218 1784 1361 1816 cruciatu

940 1830 989 1862 Tu
1013 1831 1151 1870 priveris
1175 1832 1262 1864 vitae
1285 1834 1381 1866 statu.

940 1888 1050 1921 Faciei
1074 1897 1147 1921 nam
1172 1898 1333 1931 amoenae,

939 1937 1026 1977 Quae
1041 1936 1210 1979 rubebant,
1233 1938 1358 1978 pallent
1374 1949 1485 1981 genae,

940 1985 1112 2018 Oculorum
1139 1988 1270 2027 turgent
1294 1996 1404 2028 venae,

940 2033 1010 2066 Jam
1024 2034 1235 2075 languescunt
1249 2044 1361 2068 manus
1378 2037 1483 2077 plene.

939 2092 1035 2126 Calor
1059 2092 1166 2125 cordis
1188 2094 1256 2133 jam
1279 2095 1426 2139 tepescit,

939 2141 1039 2182 Vigor
1061 2141 1162 2173 01111115
1183 2142 1251 2182 J'am
1276 2142 1434 2187 lentescit,

939 2189 1040 2222 Omne
1066 2198 1180 2229 corpus
1201 2191 1269 2231 J'am
1293 2191 1434 2234 rigescit,

937 2238 1020 2270 Tota
1042 2238 1109 2271 vita
1130 2238 1196 2278 jam
1222 2240 1399 2273 marcescit.

937 2296 1006 2338 Ego
1032 2305 1109 2329 suae
1137 2297 1296 2336 passionis

936 2344 1087 2386 Tuaeque
1113 2343 1296 2379 afflictionis

936 2393 1039 2426 Causa
1064 2403 1133 2426 sum
1164 2396 1352 2437 contemptis
1376 2396 1481 2440 bonis,

937 2442 1040 2484 Culpa
1065 2452 1186 2484 pravae
1210 2445 1356 2479 actionis.
