1653 2668
705 164 965 199 —179—

403 260 464 293 Est
489 270 548 302 pro
574 264 615 305 te,
644 262 781 303 Christe,
805 261 974 296 crucifixus
991 265 1120 295 sanctus
1137 262 1317 304 Philippus,

401 308 467 342 Hic
487 309 629 344 Jacobus
654 319 787 350 magnus
815 310 992 343 decollatur
1016 312 1104 344 velut
1128 320 1238 352 agnus.

402 356 659 399 Bartholomaee,
688 359 791 391 crucis
816 360 872 391 tua
898 359 954 391 des
980 359 1057 392 mihi
1085 359 1169 392 dona
1192 359 1317 400 salutis,

403 404 456 438 Da
479 405 629 447 spiritum
653 407 750 448 vitae,
780 407 821 439 da
847 407 976 440 divitias
1002 407 1071 439 sine
1096 407 1163 448 lite,

402 453 547 494 Regnum
574 454 712 487 coeleste
736 458 810 494 post
833 456 968 487 mortem
996 455 1037 487 da
1061 454 1239 487 manifeste.

250 519 320 548 Ood.
343 528 397 547 ms.
419 520 659 558 Ducumburgen.
683 518 728 548 76.
749 528 826 549 saec.
851 519 895 549 15.

610 660 677 693 142.
718 660 762 692 De
781 660 890 692 sancto
911 660 1054 693 Achatio.

177 750 207 783 1.
235 746 333 783 Alme
358 752 493 791 martyr,
521 760 538 782 o
563 750 694 792 Achati,

237 797 335 831 Cordi
359 807 430 832 meo
458 798 637 831 contumaci

284 847 343 879 Pie
368 845 419 879 fer
443 846 635 889 subsidium,

236 893 283 926 Ut
308 895 348 927 de
375 895 470 935 digne
493 894 635 927 salutare

233 941 365 974 Merear
389 945 422 974 et
444 943 620 983 impetrare

281 990 385 1022 Tuum
409 990 633 1030 patrocinium.

177 1049 211 1082 2.
238 1044 358 1081 Christi
382 1046 477 1080 fortis
502 1057 520 1080 o
546 1048 678 1086 athleta,

235 1094 295 1134 Qui
320 1097 455 1128 naturae
478 1096 591 1128 mundi
615 1095 702 1128 laeta

279 1142 413 1184 Spernis
439 1152 510 1175 eum
535 1143 745 1184 complicibus

230 1191 420 1224 Alexandro
443 1200 502 1223 nec
526 1200 589 1223 non
614 1190 726 1224 Marco

232 1239 449 1280 Praesuleque
474 1239 647 1271 Hermolao

280 1287 358 1320 Cum
384 1290 434 1319 ter
458 1287 558 1320 ternis
583 1287 735 1320 millibus.

172 1346 204 1378 3.
231 1342 291 1379 His
318 1354 389 1376 eum
413 1344 502 1376 mille
528 1344 595 1377 Deo
622 1353 714 1377 carus

229 1392 354 1426 Auctor
378 1392 515 1426 militum
539 1392 725 1433 praeclarus

282 1440 434 1482 Jungitur
458 1440 658 1480 Theodorus,

230 1487 346 1529 Sicquc
372 1488 479 1521 decies
504 1488 652 1521 millenus

228 1536 302 1570 Stat
324 1535 490 1578 perfectus
515 1538 612 1577 atque
635 1537 749 1576 plenus

276 1584 376 1617 Sacer
400 1586 508 1618 vester
532 1593 692 1618 numerus,

167 1643 200 1676 4.
227 1639 357 1683 Aquilis
384 1642 570 1682 velociores,

229 1689 346 1723 Fortes
374 1689 496 1723 Christi
520 1690 693 1723 bellatores

273 1739 352 1771 Alta
376 1738 444 1778 poli
469 1738 637 1779 scandere,

224 1786 389 1830 Lepidam,
418 1786 563 1827 coartati,

224 1835 314 1868 Diris
340 1835 442 1875 spinis
469 1835 613 1868 coronati

273 1884 387 1916 Portas
414 1883 495 1915 coeli
519 1884 675 1924 panderc.

869 752 900 784 5.
928 748 1091 791 Crucifixi,
1118 750 1216 783 clavis
1241 751 1362 791 puncti,

927 799 989 831 Pro
1015 798 1209 839 baptismate
1232 800 1380 839 peruncti

974 847 1120 880 Pretioso
1146 847 1309 889 sanguine,

924 894 970 926 Et
993 894 1041 927 sic
1065 903 1172 926 omnes
1200 893 1318 927 Christi
1344 895 1438 934 plene

926 943 1008 975 Sunt
1031 942 1141 974 illatae
1167 941 1257 975 vobis
1283 950 1416 983 poenae,

976 991 1000 1023 Ο
1027 988 1138 1022 felices
1163 989 1296 1025 animae.

890 1072 898 1080 .
925 1044 964 1080 In
990 1047 1142 1079 extremis
1166 1048 1282 1079 vestris
1307 1047 1396 1079 horis

922 1094 1021 1136 Signa
1045 1095 1156 1127 mortis
1181 1095 1351 1127 salvatoris

969 1141 1165 1176 Referuntur
1191 1142 1298 1184 edita3

920 1191 945 1224 Ο
973 1193 1163 1231 constantes,
1191 1199 1208 1223 0
1233 1190 1355 1231 invicti,

920 1238 1045 1278 Quanta
1069 1241 1187 1279 vestra,
1214 1238 1386 1280 benedicti,

968 1287 1050 1319 Sunt
1073 1287 1241 1327 praeclara
1264 1287 1389 1321 merita.

887 1369 894 1377 .
920 1341 991 1378 Vos
1016 1353 1103 1386 ergo,
1132 1344 1241 1376 dilecti
1266 1344 1339 1384 Dei,

919 1393 1049 1433 Precor,
1074 1394 1267 1424 mementote
1293 1392 1357 1424 mei

968 1442 1006 1474 In
1032 1439 1113 1472 coeli
1136 1440 1269 1480 palatio,

919 1488 964 1522 Ut
976 1497 1062 1520 mors
1074 1488 1203 1529 Christi,
1217 1487 1329 1520 matris
1344 1489 1494 1528 planctus

917 1536 1002 1569 Mihi
1026 1536 1096 1569 sine
1119 1534 1184 1568 fine
1206 1538 1335 1568 sanctus

969 1585 1019 1618 Sit
1044 1587 1076 1616 et
1102 1584 1285 1619 consolatio.

885 1668 893 1676 .
920 1639 973 1676 Sit
997 1644 1030 1675 et
1053 1644 1194 1675 vestrum
1219 1650 1278 1681 per
1303 1650 1433 1674 oramen

919 1690 1003 1723 Mihi
1028 1691 1114 1723 salus
1141 1692 1171 1722 et
1197 1692 1338 1722 tutamen

968 1738 1119 1778 Corporis
1145 1740 1176 1770 et
1201 1738 1334 1779 animae,

917 1787 965 1820 Ut
989 1787 1179 1828 quandoque
1203 1787 1324 1827 possim
1350 1787 1437 1819 clare

919 1834 1020 1867 Vobis
1045 1837 1078 1866 ct
1102 1834 1302 1867 coexsultare

967 1884 1007 1916 In
1032 1885 1163 1915 aeterna
1188 1883 1309 1924 requie.

242 1948 311 1977 Cod.
339 1949 436 1978 Palat.
456 1949 661 1978 Vindobonen.
692 1947 775 1978 1421.
803 1953 874 1978 anni
903 1947 985 1978 1548.
1006 1948 1041 1977 A.
1068 1964 1107 1969 —
1128 1949 1201 1977 Olm.
1224 1950 1378 1978 Monacen.
1403 1947 1491 1979 4423.

164 1997 241 2017 saec.
265 1986 309 2016 15.
330 1988 363 2017 B.

606 2129 672 2163 143.
713 2132 758 2164 De
777 2131 890 2164 saneta
910 2131 1046 2172 Agatha.

165 2221 196 2254 1.
224 2222 306 2264 Ave,
332 2220 471 2262 pulchra
496 2221 616 2254 Christi
640 2230 769 2263 sponsa,

217 2269 358 2311 Agatha,
386 2277 468 2310 quae
493 2270 576 2302 sicut.
599 2273 692 2303 tonsa

220 2318 297 2352 Ovis
323 2317 392 2350 feta
416 2318 576 2351 scandens
602 2320 682 2360 lota,

219 2367 303 2400 Nam
330 2366 471 2407 explesti
498 2371 553 2400 tua
578 2370 662 2400 vota.

162 2417 195 2451 5.
222 2415 320 2450 Clara
345 2417 421 2449 nata
446 2416 625 2458 parentela,

217 2464 322 2499 Valde
347 2464 492 2506 prudens
514 2465 549 2497 in
573 2465 711 2510 loquela,

942 2222 1033 2255 Inter
1060 2221 1253 2255 Catanenses
1281 2224 1366 2255 cives

940 2270 1043 2303 Fama
1067 2271 1226 2312 rebusque
1250 2272 1431 2316 praedives,

941 2319 1042 2361 Virgo
1066 2318 1151 2352 facie
1176 2323 1319 2363 venusta,

858 2367 913 2403 10.
940 2368 1005 2401 Sed
1030 2367 1149 2401 ancilla
1175 2368 1294 2402 Christi
1315 2369 1413 2413 justa,

937 2417 990 2449 Ex
1014 2416 1102 2449 illius
1125 2418 1281 2451 servitute

937 2465 1065 2499 Summe
1092 2466 1179 2499 clara
1203 2467 1322 2508 probas
1348 2470 1384 2500 tu
1411 2471 1453 2502 te.

1259 2523 1317 2553 12*
