1653 2668
191 259 247 291 23.

190 559 245 591 24.

187 859 244 891 25.

188 1158 244 1190 26.

186 1459 241 1489 27.

185 1755 240 1787 28.

186 2051 240 2082 29.

187 2346 242 2380 30.

732 157 956 192 ,-70.-.

274 256 378 301 Salve,
405 257 484 290 rubo
509 256 653 298 figurata,

274 304 364 337 Sacri
387 304 481 337 flatus
506 303 686 343 fecundata,

317 353 390 385 Non
411 356 483 385 usta
506 350 685 395 succendio,

272 402 371 441 Quam
394 400 538 433 illaesam
563 398 771 438 conservavit,

274 449 371 488 Quam
398 457 457 481 nec
480 448 547 479 ulla
571 447 703 479 violavit

322 496 434 530 Carnis
459 495 624 529 aestuatio.

272 558 375 602 Salve,
402 558 522 589 coelum
545 556 630 589 nube
653 564 774 595 carenS,

273 605 369 638 Panis
394 605 473 637 coeli
496 613 589 636 sacra
612 613 728 644 parens

316 653 409 686 Vitae
433 652 640 692 stillicidium,

271 699 401 739 Fluens,
427 700 552 740 quando
577 698 740 739 protulisti

270 748 388 780 Verum
404 757 528 790 manna,
549 756 662 787 corpus
681 746 810 787 Christi,

316 796 370 828 Ad
396 805 482 827 esum
506 795 658 832 fidelium,

271 857 374 900 Salve,
403 858 489 889 coelo
513 867 603 889 mons
628 857 741 899 vicine,

271 905 368 944 Quem
383 906 432 938 vel
442 914 600 946 nunquam
612 905 662 937 vel
671 914 734 936 non
741 904 809 935 sine

317 954 424 986 Poena
447 954 549 994 tangit
576 953 688 995 bestia,

269 1001 308 1033 In
330 1010 390 1041 quo
411 1001 514 1041 legem
538 1001 682 1033 caritatis

269 1048 314 1080 Et
337 1049 434 1080 totius
459 1048 611 1080 bonitatis

314 1096 398 1128 Diva
423 1096 512 1128 dedit
535 1096 647 1136 gratia.

270 1157 375 1198 Salve,
398 1156 501 1189 felicis
526 1156 667 1198 figmenti

269 1206 356 1237 Arca
379 1206 453 1238 novi
478 1206 671 1248 testamenti,

315 1255 404 1285 Arca
429 1253 503 1285 novi
527 1252 677 1294 foederis,

267 1301 330 1333 Per
355 1310 447 1341 quam
472 1310 581 1333 servus
602 1301 698 1332 herae
717 1301 809 1333 datur

267 1348 313 1380 Et
335 1347 450 1380 factori
475 1347 659 1381 foederatur

315 1396 397 1428 Pace
423 1397 498 1428 data
521 1397 668 1436 posteris,

268 1457 371 1500 Salve,
398 1458 497 1500 virga,
525 1467 618 1498 quam
645 1458 761 1490 direxit

266 1505 364 1537 Fides
390 1508 487 1548 recta,
512 1514 586 1545 spes
612 1507 724 1549 erexit,

314 1551 526 1586 Inflammavit
553 1554 688 1596 caritas3

266 1601 364 1633 Flore
388 1610 536 1641 vernans,
563 1600 669 1633 fructu
694 1604 794 1644 grata,

269 1648 366 1688 Cujus
391 1649 553 1682 Christum
577 1649 703 1681 illibata

315 1696 454 1728 Protulit
477 1697 655 1737 integritas

267 1753 370 1796 Salve,
398 1763 514 1793 sponsa
539 1754 630 1786 verbi
654 1754 725 1798 Dei,

266 1801 365 1840 Quam
389 1801 491 1845 Jahel,
517 1802 627 1834 Haber
651 1802 760 1835 Cinaei

315 1849 447 1892 Conqu,
474 1850 578 1890 signat
602 1859 748 1893 congrue,

267 1897 350 1929 Nam
369 1897 442 1929 dum
455 1906 588 1938 anguem
602 1898 807 1939 constrivisti,

273 1944 411 1977 sisaram
436 1945 626 1977 interemisti

315 1993 505 2033 Superatum
531 1997 669 2027 strenue.

268 2049 372 2092 Salve,
400 2049 558 2083 Gedeonis
582 2052 695 2092 vellus,

267 2097 333 2136 Quo
358 2098 508 2130 madente
532 2099 618 2131 sicca
640 2099 736 2131 tellus

314 2145 445 2177 Florem
467 2147 555 2179 vitae
577 2147 710 2188 recipit,

266 2193 344 2225 Flos
361 2196 411 2225 est
428 2193 582 2234 Christus,
601 2195 696 2226 tellus
714 2204 807 2227 arens

267 2241 360 2272 Mens
385 2251 492 2274 amore
517 2242 636 2275 Christi
661 2252 783 2283 carens,

315 2288 380 2321 Sed
403 2290 487 2321 hunc
509 2299 569 2330 per
593 2293 626 2322 te
658 2291 807 2332 percipit.

268 2345 372 2387 Salve,
395 2356 471 2379 vera
495 2348 680 2389 Sunamitis,

272 2394 366 2435 Virgo
390 2404 486 2435 super
511 2405 618 2429 omnes
642 2397 740 2441 mitis,

315 2443 456 2476 Pulchra
479 2453 558 2484 prae
581 2445 768 2489 virginibus,

872 413 927 447 31.

870 714 926 746 32.

869 1015 923 1047 33.

868 1316 923 1348 34.

867 1613 922 1645 35.

867 1909 923 1943 36.

866 2206 921 2238 37.

956 254 1043 294 Quae
1058 254 1092 286 in
1109 254 1259 286 membris
1274 253 1497 295 frigescentem

956 302 1117 336 Christum
1141 302 1252 335 reddis
1288 303 1498 334 calescentem

1001 350 1079 382 Tuis
1103 350 1137 382 in
1162 350 1373 391 amplexibus.

954 412 1058 455 Salve,
1085 413 1236 453 templum
1263 412 1451 452 Salomonis,

953 460 1074 492 Domus
1101 461 1324 501 exauditionis,

1000 508 1097 549 Regis
1122 517 1230 549 regum
1256 509 1353 548 regia,

954 555 1038 588 Fide
1061 555 1197 588 firmiter
1221 555 1367 596 fundata,

952 603 1017 643 Spe
1042 604 1245 641 conscendes,
1281 606 1497 636 consummata

1001 651 1151 684 Caritatis
1178 652 1279 692 copia.

953 712 1058 754 Salve,
1090 722 1181 745 sacer
1205 714 1338 745 thronus
1365 713 1493 756 Christi,

952 761 1038 800 Quae
1065 762 1133 793 sola
1160 761 1256 802 digna
1279 759 1369 793 fuisti

1001 808 1163 841 Sessorem
1184 809 1357 852 suscipere,

952 857 1098 891 Candens
1124 857 1203 889 ebur
1232 857 1398 897 castitatis,

949 905 1075 937 Micans
1101 914 1178 937 auro
1205 905 1357 948 caritatis,

996 953 1082 985 Miro
1106 962 1243 985 vernans
1263 962 1371 993 opere.

950 1013 1055 1055 Salve,
1082 1014 1158 1047 Sion
1181 1015 1364 1055 sublimata,

950 1062 1152 1094 Hierusalem
1176 1063 1253 1095 urbs
1277 1063 1383 1104 beata,

998 1110 1102 1143 Verae
1126 1111 1216 1151 pacis
1241 1111 1373 1150 civitas3

951 1156 1037 1197 Sion,
1067 1158 1107 1190 de
1131 1168 1194 1199 qua
1216 1159 1270 1190 lex
1296 1159 1405 1201 exivit,

950 1205 1046 1248 Urbs,
1075 1206 1115 1238 de
1137 1215 1200 1247 qua
1221 1206 1313 1238 verbi
1336 1206 1480 1247 prodivit

998 1253 1141 1286 Calciata
1166 1254 1280 1288 deitas.

951 1314 1054 1356 Salve,
1079 1324 1173 1347 sacra
1195 1325 1313 1356 parens
1340 1316 1469 1351 Christi.

951 1362 1048 1401 Quem
1076 1363 1150 1395 dum
1174 1365 1265 1404 virgo
1290 1364 1456 1404 peperisti,

997 1410 1096 1443 Juxta
1119 1412 1305 1444 vaticinium

948 1458 1067 1490 Factus
1094 1461 1143 1491 est
1166 1459 1329 1492 nobiscum
1355 1459 1452 1502 Deus,

950 1508 1049 1545 Quem
1075 1507 1149 1539 dum
1173 1508 1303 1548 repellit
1326 1508 1479 1548 Judaeus,

996 1555 1050 1588 Fit
1075 1556 1274 1595 propinquus
1299 1556 1450 1597 gentium.

950 1611 1055 1653 Salve,
1082 1613 1188 1644 virens
1213 1613 1305 1653 virga
1328 1612 1431 1652 Jesse,

950 1662 1049 1698 Quam
1074 1659 1258 1700 frequenter
1283 1663 1316 1691 et
1340 1668 1491 1700 expresse

997 1708 1129 1748 Signant
1155 1708 1322 1748 vaticinia;

948 1755 998 1787 De
1022 1764 1084 1795 qua
1107 1753 1221 1787 florum
1244 1753 1303 1787 fios
1326 1755 1433 1799 exivit,

950 1803 1047 1842 Quem
1072 1803 1222 1835 decenter
1245 1803 1409 1836 redimivit

997 1849 1200 1891 septiformis
1226 1851 1338 1891 gratia.

951 1908 1056 1950 Salve,
1080 1910 1174 1948 petra
1197 1907 1358 1941 firmitatis

949 1956 987 1988 In
1017 1957 1143 1988 deserto
1170 1957 1320 1989 vanitatis

996 2005 1152 2037 Constans
1178 2007 1211 2036 et
1229 2004 1412 2045 immobilis,

948 2051 999 2083 De
1023 2061 1085 2092 qua
1108 2052 1223 2086 missus
1248 2055 1295 2084 est
1321 2053 1472 2096 salvator,

949 2100 1047 2140 Coeli,
1074 2103 1180 2132 terrae
1206 2101 1395 2144 dominator,

995 2148 1061 2180 Sed
1082 2150 1120 2180 ut
1143 2158 1242 2190 agnus
1266 2149 1407 2182 humilis.

947 2205 1052 2248 Salve,
1078 2208 1167 2238 terra
1190 2206 1258 2238 Deo
1284 2209 1385 2249 grata,

947 2253 1034 2293 Quae
1059 2254 1099 2286 de
1117 2254 1263 2294 supernis
1288 2258 1397 2287 rorata

995 2301 1133 2334 Deitatis
1158 2303 1269 2343 pluvia

949 2349 1143 2383 Germinasti
1167 2351 1369 2389 salvatorem,

948 2397 1041 2431 Nova
1061 2401 1151 2431 terra
1174 2407 1291 2432 novum
1315 2397 1427 2431 florem

996 2447 1214 2480 Renovantem
1239 2448 1355 2481 omnia.
