1655 2669
192 248 247 281 17.

189 575 245 608 18.

186 903 242 935 19.

182 1229 239 1263 20.

177 1556 233 1589 21.

174 2217 230 2250 23.

723 150 983 187 ρ-265-

273 247 443 281 Virtuosus
462 247 636 288 spernitur,

273 295 359 328 Dum
385 303 479 337 egere
505 296 656 337 cernitur,

322 343 469 385 Nequam
493 344 680 385 honoratur,

276 391 310 424 Si
333 392 376 424 sit
401 392 594 434 opulentior,

274 440 427 473 Creditur
448 441 650 482 prudentior,

319 489 427 522 Pluris
452 488 650 522 aestimatur.

272 575 444 614 Quaeritur
468 575 677 616 prosperitas,

272 624 388 656 Jacent
413 623 469 655 lux
494 626 527 654 et
550 624 680 666 veritas,

320 671 431 704 Virtus
456 671 636 713 relegatum

271 718 332 758 Qui
356 719 493 751 nummis
521 720 669 759 caruerit,

269 766 364 799 Licet
388 768 490 800 bonus
516 766 624 808 fuerit,

317 815 434 848 Nullus
459 818 638 856 reputatur.

269 902 348 935 Ideo
376 902 516 934 denariis

268 950 406 983 Student
430 950 534 982 modis
560 951 658 983 variis

315 998 470 1031 Homines
495 999 632 1039 ubique,

269 1046 368 1078 Pauci
394 1049 552 1087 quaerunt
576 1047 724 1088 qualiter,

268 1094 385 1127 Utrum
413 1095 588 1135 curialiter,

317 1142 409 1175 Juste
434 1142 486 1175 vel
509 1143 627 1183 inique.

265 1228 330 1261 Hie
354 1229 486 1270 spilucit
509 1230 674 1270 stramina,

265 1278 327 1310 Ille
355 1277 464 1309 vendit
491 1278 646 1318 gramina,

314 1326 376 1358 Ille
400 1325 518 1358 barbas
543 1326 652 1367 radit3

264 1374 332 1406 Iste
355 1373 470 1406 vendit
494 1374 592 1411 olera,

264 1422 327 1454 Ille
348 1422 464 1462 plenus
490 1422 596 1454 colera

311 1470 527 1510 Tribulosque
550 1470 662 1502 tradit.

261 1556 326 1589 Hic
351 1556 509 1596 exstirpat
534 1556 655 1600 lolium⁷

261 1605 324 1638 Ille
347 1607 444 1645 parat
469 1604 591 1636 dolium

307 1654 363 1686 Ad
387 1653 590 1685 condendum
615 1653 734 1693 vinum,

263 1701 331 1733 Iste
354 1704 463 1742 pottos
489 1709 610 1744 aereos,

263 1750 331 1782 Iste
356 1749 470 1782 vendit
492 1758 610 1790 cereOS,

308 1797 430 1831 Lanam
456 1800 553 1839 atque
577 1798 687 1830 linum.

226 1911 233 1918 .
260 1884 412 1917 Rusticus
438 1884 592 1925 agricola,

259 1932 367 1965 Bonus
393 1932 447 1966 vix
475 1932 677 1974 Christicola,

308 1983 432 2023 Agrum
457 1990 549 2013 suum
574 1984 664 2024 arat3

258 2029 326 2062 Iste
350 2033 455 2063 vestes
481 2029 595 2074 reficit,

259 2079 407 2121 Addens,
434 2078 461 2110 si
488 2078 566 2119 quid
593 2076 711 2119 deficit,

309 2128 372 2161 Ille
393 2136 517 2168 pannos
541 2129 647 2167 parat.

257 2215 320 2249 Ille
345 2215 427 2248 rude
453 2216 596 2246 aratrum

255 2263 439 2296 Exsecrans
464 2266 500 2294 ut
525 2262 713 2297 barathrum

305 2312 347 2345 Se
373 2311 544 2344 committit
566 2312 668 2353 mari,

256 2361 369 2395 Sulcat
393 2368 475 2394 vane
497 2360 600 2393 maria

255 2409 370 2443 Secum
397 2410 517 2442 ducens
543 2409 644 2451 varia,

302 2459 349 2493 Ut
373 2458 478 2500 possit
502 2458 632 2491 lucrari.

884 252 942 284 24.

881 578 936 610 25.

878 905 934 937 26.

878 1231 934 1264 27.

875 1558 931 1590 28.

871 1885 930 1936 ‚29-

870 2216 926 2249 30.

966 251 1035 284 Iste
1061 251 1170 284 domos
1196 253 1336 291 reparat,

965 299 1027 331 Ille
1051 308 1151 340 grana
1174 301 1314 339 separat,

1011 347 1058 380 Ut
1083 350 1258 386 coquantur
1282 356 1401 388 panes;

966 394 1019 427 Sic
1040 404 1099 436 per
1124 399 1211 426 astus
1236 395 1342 428 varios

965 442 1146 484 Sequuntur
1172 443 1319 475 denarios

1010 490 1101 523 Sicut
1125 499 1252 523 carnem
1278 500 1380 523 canes.

962 577 1072 610 Faber
1095 585 1155 618 per
1180 575 1319 620 fabrilia,

964 624 1115 666 Sculptor
1139 633 1198 665 per
1222 626 1386 665 sculptilia

1011 673 1182 705 Nummum
1209 676 1454 714 consequuntur,

962 721 1061 761 Quem
1087 730 1157 753 cum
1182 722 1466 765 apprehenderint,

960 769 1142 810 Antequam
1167 770 1390 811 expenderint,

1010 817 1110 850 Forte
1133 818 1323 851 moriuntur.

962 903 1097 943 Quidam
1122 904 1195 944 plus
1222 904 1361 944 divitias,

959 952 1043 993 Heu,
1070 961 1162 993 quam
1183 952 1341 984 amicitias

1009 1000 1071 1032 Dei
1096 999 1272 1032 ambientes

963 1048 1076 1089 Villas,
1102 1048 1298 1080 monasteria

962 1096 1087 1127 Tenent
1109 1095 1143 1127 in
1167 1096 1305 1139 miseria,

1009 1144 1157 1177 Foenore
1181 1146 1392 1184 praementes.

961 1230 1048 1262 Illud
1074 1238 1172 1271 genus
1198 1229 1361 1262 hominum

959 1277 1092 1311 Nullum
1117 1278 1209 1309 timet
1236 1278 1396 1310 dominum

1009 1326 1122 1367 Neque
1146 1326 1239 1357 timet
1262 1327 1354 1369 mori,

961 1373 1035 1415 Sed,
1062 1375 1135 1414 hen,
1162 1374 1256 1406 modo
1284 1375 1386 1406 oritur

958 1422 1073 1465 Homo,
1100 1422 1194 1454 modo
1220 1422 1365 1462 moritur,

1003 1470 1246 1510 Comparandus
1271 1468 1352 1502 flori.

958 1557 1072 1591 Clarus
1097 1565 1181 1588 nunc
1205 1557 1344 1589 dominio

959 1604 1038 1638 Cras
1061 1606 1096 1637 in
1120 1605 1321 1645 sterquilinio

1004 1653 1104 1685 Forte
1128 1655 1312 1694 reponetur,

957 1701 1121 1742 Quidquid
1145 1710 1230 1733 nunc
1253 1701 1411 1743 habuerit,

957 1750 1131 1790 Postquam
1157 1758 1242 1782 mors
1267 1749 1419 1792 adfuerit,

1005 1798 1121 1830 Totum
1145 1796 1320 1831 auferetur.

956 1884 1039 1926 Heu,
1067 1884 1144 1925 quid
1169 1887 1244 1917 sunt
1268 1885 1402 1918 divitiae

953 1933 1079 1966 Horum
1104 1935 1135 1964 et
1162 1933 1307 1975 deliciae,

1005 1982 1092 2021 Quae
1115 1982 1362 2026 praeterierunt,

956 2031 1040 2071 Quas
1065 2031 1099 2063 in
1124 2029 1174 2061 his
1200 2030 1337 2063 miseriis

956 2078 1047 2111 Totis
1074 2078 1244 2113 desideriis

1002 2127 1093 2160 Male
1113 2127 1303 2162 ambierunt.

954 2214 1059 2255 Certe,
1087 2215 1141 2257 qui
1165 2216 1294 2248 suavius

956 2263 1022 2296 Hic
1043 2265 1203 2304 vixerunt,
1229 2265 1358 2305 gravius

1002 2312 1147 2345 Sentient
1170 2311 1342 2355 infernum,

952 2361 1017 2394 Ubi
1042 2362 1164 2395 stridor
1190 2362 1341 2405 dentium,

951 2410 1102 2443 Ululatus
1127 2408 1272 2444 flentium

997 2458 1073 2492 Erit
1097 2460 1130 2492 in
1156 2462 1329 2496 aeternum,
