1653 2668
680 140 916 175 *26-

144 239 174 270 3.
202 238 281 278 Ave,
308 237 360 269 cui
382 237 467 277 magi
491 236 673 269 thesaurum
827 237 859 268 5.
885 236 965 275 Ave,
993 235 1047 274 qui
1070 235 1103 267 in
1129 242 1227 267 coena
1253 234 1380 265 victum·

199 284 769 326 lily-sticum,myrrham,thus‚aumm
883 282 1107 315 Eucharistiae
1128 281 1280 314 invictum

250 332 410 365 Libabant
435 341 504 363 cum
528 331 695 372 laudibu33
933 330 1011 362 Tuis
1037 330 1136 363 dabas
1160 330 1273 370 socii83

205 382 284 419 Ave,
311 380 365 420 qui
390 389 461 412 eras
485 382 631 419 portatus
886 379 966 418 Ave,
994 378 1048 418 qui
1069 378 1103 410 in
1128 387 1185 410 ara
1210 377 1312 410 crucis

203 428 241 460 ln
265 427 418 467 templum
443 430 538 467 atque
563 427 687 459 oblatus
885 427 1002 459 Passus
1028 435 1099 457 eras
1121 429 1256 458 mortem
1282 424 1381 457 trucis

253 474 329 507 Cum
351 475 426 507 libis
450 474 616 514 legalibus.
932 473 981 507 Ut
1004 482 1104 514 agnus
1130 482 1168 505 ex
1191 472 1316 505 hostiis.

145 544 178 575 4.
203 543 283 582 Ave,
310 541 363 581 qui
387 550 501 581 aquam
524 542 558 574 in
581 541 689 573 vinum
827 541 858 573 6.
884 540 965 583 Ave,
993 540 1046 579 qui
1070 540 1285 581 resurrexisti,

200 589 346 627 Mutasti‚
373 588 625 622 architriclinum
884 588 930 621 Ut
952 588 1002 619 leo
1028 588 1138 620 vivens
1162 587 1269 620 vicisti

249 637 303 669 Sic
326 635 575 677 laetificaveras3
933 635 1069 668 Vincula
1092 634 1239 675 hostilia3

205 685 283 724 Ave,
310 684 364 724 qui
387 683 523 724 panibus
548 684 652 724 quinis
886 683 967 722 Ave,
992 684 1084 722 polos
1111 682 1165 723 qui
1188 682 1300 723 petisti

202 734 308 772 Atque
334 731 374 764 de
398 731 538 771 piscibus
563 732 646 764 binis
884 731 929 763 Et
949 732 984 762 ut
1008 739 1083 763 aves
1106 730 1291 768 ascendisti,

250 779 374 812 Turbas
399 780 584 812 sanaveras.
931 778 1004 810 Duc
1026 787 1084 810 nos
1110 778 1153 810 ad
1179 778 1336 810 eoelestia.

221 856 293 884 Olm.
318 855 471 883 Monacen.
495 852 544 889 (01.
563 856 713 892 Tegurin.)
734 853 768 882 19
779 852 836 882 824
861 863 936 882 saec.
958 851 1003 881 15.
1023 855 1058 882 A.
1078 867 1117 873 —-
1137 852 1217 880 Orat.
1242 852 1454 889 ms.Tegu1-in.

145 902 221 922 scae.
243 892 287 921 15.
309 893 381 921 Ghn.
401 893 553 921 Monacen.
575 879 681 921 20001.
703 894 736 921 Β.
756 907 794 911 —-
814 890 846 926 3,
875 891 893 920 2
912 892 980 919 thus
1001 894 1030 920 et
1050 900 1153 920 aurum
1171 892 1206 919 A.
1226 906 1263 912 -
1285 889 1311 922 6,
1331 888 1351 918 4
1359 877 1454 927 15ΡοΙοε

145 934 196 969 qui
215 933 311 960 fecisti
330 932 390 960 AB.

580 1052 624 1084 10.
663 1052 710 1084 Ad
730 1052 885 1084 Christum
905 1051 1015 1084 oratio.

147 1143 179 1177 1.
206 1143 231 1176 Ο
255 1140 386 1182 Messia,
830 1143 860 1175 3.
887 1142 958 1175 Rex
982 1144 1120 1181 aeterne,

205 1190 255 1223 De
278 1190 385 1222 Maria
887 1189 963 1221 Pius
991 1197 1085 1221 cerne

252 1236 354 1269 Natus
378 1237 462 1268 alma
487 1236 618 1277 virgine,
935 1237 1103 1276 Supplices
1126 1235 1245 1266 intuitu

206 1284 266 1324 Qui
289 1284 433 1326 purgasti
886 1284 931 1317 Et.
951 1284 1078 1316 illustra

207 1332 252 1364 Et
275 1332 405 1364 salvasti
888 1332 995 1364 Corda
1016 1334 1128 1363 nostra

252 1378 409 1411 Mundum
434 1381 488 1410 tuo
513 1379 676 1420 sanguine,
935 1379 1003 1411 Tuo
1029 1381 1139 1411 sancto
1164 1378 1290 1418 spiritu.

148 1447 179 1478 2.
205 1447 281 1479 Pius
307 1446 374 1478 esto
829 1448 861 1479 4.
887 1447 1003 1479 Pastor
1027 1446 1120 1486 bone.

206 1494 251 1526 Et
273 1495 441 1537 memento⁷
888 1495 919 1526 A
942 1494 1035 1525 leone

255 1541 337 1580 Quid
360 1550 419 1582 pro
445 1540 535 1573 nobis
561 1539 686 1580 feceris,
934 1542 1021 1574 Tuas
1047 1550 1121 1574 oves
1146 1540 1251 1573 libera

202 1590 267 1622 Pro
289 1588 429 1629 indignis
887 1589 932 1621 Et
957 1598 1028 1622 cum
1051 1589 1128 1630 illis,

202 1637 248 1669 Et
270 1636 418 1677 malignis
890 1637 951 1676 Qui
974 1638 1007 1669 in
1034 1637 1130 1669 coelis

253 1684 378 1723 Quanta
401 1684 599 1717 sustinueris.
938 1684 1097 1726 Gaudent,
1122 1693 1181 1716 nos
1207 1684 1391 1717 adnumera.

222 1759 292 1787 Cod.
314 1759 343 1787 S.
364 1760 444 1787 Petri
460 1758 655 1795 Salisburgen
677 1760 696 1789 b
711 1761 754 1788 V1
770 1758 787 1789 3
802 1768 877 1788 saec.
894 1758 938 1788 15.
952 1775 989 1779 —
1001 1760 1065 1789 Das
1079 1760 1171 1788 kurze
1184 1760 1311 1791 Gedicht.
1324 1760 1456 1788 schliesst

145 1797 334 1825 unmittelbar
361 1806 399 1825 an
425 1798 477 1825 das
496 1797 572 1826 Lied
590 1798 653 1825 Ave
677 1801 746 1827 n-tte
765 1800 823 1827 Dei
846 1801 911 1827 vivi
938 1797 1094 1826 f01.222a
1112 1807 1163 1833 an,
1190 1809 1227 1827 zu
1248 1799 1314 1826 <lem
1334 1807 1365 1827 es
1386 1800 1457 1827 aber

145 1836 223 1863 nach
235 1832 336 1863 Inhalt
353 1835 414 1863 und
426 1836 515 1864 Form
533 1836 616 1864 nicht
634 1836 745 1873 gehen-t,
767 1837 843 1865 auch
862 1840 946 1866 sonst
958 1836 1028 1874 (vgl.
1041 1837 1091 1865 fol.
1106 1819 1173 1872 240’)
1186 1838 1250 1866 sich
1262 1836 1346 1865 nicht
1356 1837 1456 1865 findet.

584 1987 620 2019 11.
660 1987 707 2019 Ad
729 1986 882 2019 Christum
901 1987 1017 2020 Oratio.

148 2077 180 2110 1.
204 2078 284 2119 Ave,
311 2078 398 2118 Jesu,
424 2077 579 2118 splendor
602 2079 713 2122 patris,
831 2080 861 2112 2.
887 2080 968 2119 Ave,
995 2080 1043 2112 sol
1069 2080 1279 2120 aeternitatis,

205 2126 286 2165 Ave,
310 2123 369 2157 fios
393 2125 519 2158 Mariae
543 2127 665 2166 matris,
887 2128 959 2160 Rex
983 2136 1103 2169 regum,
1129 2136 1187 2160 rex
1211 2129 1399 2168 majestatis,

205 2173 345 2205 Verbum
370 2174 471 2213 patris
495 2173 682 2216 increatum,
887 2176 1042 2216 Princeps
1068 2185 1209 2209 summae
1232 2176 1403 2219 largitatis,

206 2221 288 2253 Alvo
312 2221 425 2253 matris
448 2221 658 2260 incarnatum,
889 2223 989 2255 Vultu
1012 2227 1087 2256 tuae
1111 2224 1265 2259 bonitatis

204 2268 316 2300 Dulcis
339 2269 509 2309 vitalisque
533 2269 666 2310 fructus,
887 2271 1025 2311 Respice
1050 2281 1147 2313 super
1173 2282 1305 2314 egenum

205 2315 369 2348 Medicina
391 2317 493 2349 nostri
517 2318 630 2359 luctus,
889 2319 982 2352 Omni
1007 2319 1162 2353 foeditate
1186 2321 1327 2362 plenum,

205 2363 337 2396 Morbos
362 2363 447 2405 fuga,
476 2365 516 2398 da
540 2366 692 2398 virtutem
887 2367 996 2407 Larga
1019 2377 1115 2401 manu
1141 2369 1182 2401 da
1206 2368 1330 2410 petenti

205 2410 333 2451 Mentis,
361 2413 503 2453 corporis
527 2413 672 2446 salutem.
886 2415 932 2447 Et
955 2417 1088 2449 ostende
1113 2420 1146 2448 te
1170 2417 1347 2458 quaerenti.
