1653 2668
165 244 196 277 3.
224 242 320 277 Solve
343 242 451 276 vincla
475 244 539 277 reis

225 290 360 332 Culpam
385 292 497 325 lavans
524 293 580 333 eis,

223 337 339 373 Profer
365 340 472 373 lumen
497 340 612 382 caecis,

221 388 329 421 Mater
352 397 448 422 verae
473 389 566 429 lucis,

220 436 312 469 Mala
335 440 447 469 nostra
470 438 567 478 pelle⁷

224 484 344 518 Carens
370 485 456 518 omni
482 484 569 525 felle,

221 533 313 565 Bona
338 535 455 566 cuncta
478 541 587 574 posce,

219 581 357 614 Delictis
382 582 523 623 ignosce.

189 667 195 673 .
218 639 368 672 Monstra
393 643 426 671 te
451 648 522 671 esse
544 641 680 672 matrem

221 688 359 720 Placans
382 687 487 720 Deum
512 690 648 730 patrem,

223 735 336 767 Sumat
359 745 419 776 per
443 738 477 767 'te
499 743 627 776 precem

222 782 353 816 Donans
381 782 474 816 nobis
498 791 621 825 pacem,

223 831 283 871 Qui
306 840 366 871 pro
391 831 483 864 nobis
508 834 602 864 natus

223 879 359 911 Nostros
384 880 511 912 solvens
536 882 644 912 reatus

222 927 311 959 Tulit
336 935 406 960 esse
430 929 502 959 tuus

222 974 356 1014 Semper
380 983 511 1008 manens
535 975 634 1008 Deus.

694 146 956 184 —115—

857 246 888 281 5.
915 246 1013 286 Virgo
1039 244 1217 288 singularis,

913 294 1021 326 Mater
1046 292 1224 334 salvatoris,

914 343 1006 375 Inter
1027 350 1134 375 omnes
1157 340 1253 380 mitis,

916 390 1055 423 Nostrae
1080 398 1153 431 spes
1179 388 1301 429 salutis,

912 438 980 471 Nos
1007 439 1109 479 culpis
1135 438 1266 477 solutoS,

914 486 984 518 Tua
1008 495 1104 526 prece
1128 486 1254 525 adjutos

916 534 1015 567 Mites
1041 533 1094 567 fac
1118 536 1151 565 et
1175 535 1278 565 castos

914 582 1050 622 Tihique
1077 583 1220 616 devotos,

914 639 1020 672 Vitam
1046 641 1175 679 praesta
1199 647 1323 679 puram,

912 687 981 719 Deo
1006 688 1206 730 placituram,

913 736 981 768 Iter
1005 744 1086 775 para
1109 737 1213 767 tutum

912 784 1020 822 Atque
1043 783 1253 826 impollutum,

912 832 959 865 Ut
983 831 1129 863 videntes
1154 830 1263 864 Jesum

912 879 1077 911 Placatum
1104 882 1136 910 et
1160 879 1281 911 laetum

912 926 1045 966 Semper
1071 927 1285 970 collaetemur,

911 975 1085 1016 Ipsumque
1109 984 1307 1008 veneremur.

558 1033 587 1066 7.
617 1033 667 1066 Sit
691 1034 761 1065 laus
786 1033 855 1065 Deo
880 1034 977 1075 patri,

615 1080 665 1113 Sit
687 1082 757 1113 laus
784 1080 901 1120 virgini
924 1081 1031 1121 matri,

615 1128 744 1161 Summo
770 1128 899 1161 Christo
925 1130 1022 1161 decus

615 1177 695 1210 Cum
720 1177 875 1217 genitrice
900 1178 978 1220 ers,

615 1225 750 1265 Spiritui
775 1226 885 1257 sancto

602 1272 690 1306 Laus
717 1275 749 1304 et
770 1273 952 1315 benedicto,

605 1321 718 1354 Honor
741 1322 844 1354 trinus
871 1324 903 1353 et
926 1330 1017 1362 unus,

606 1369 705 1409 Quem
730 1379 827 1401 unum
853 1370 995 1403 colimus..

238 1437 318 1465 Orat.
345 1445 398 1464 ms.
425 1444 501 1465 saec.
524 1434 568 1464 15.
603 1436 674 1464 Cod.
697 1435 848 1464 Colonien.
870 1434 914 1464 lb.
936 1452 972 1456 —
993 1433 1019 1460 5³>
1041 1434 1058 1463 2
1078 1437 1184 1464 lavans
1205 1437 1277 1473 ejus.
1300 1452 1334 1456 —
1356 1435 1383 1470 3,
1405 1440 1413 1465 ¹<
1443 1438 1483 1465 Et

160 1475 284 1504 delictis.
306 1490 345 1495 —
366 1473 392 1509 6,
415 1474 432 1503 6
453 1475 632 1503 Placantem.
653 1490 692 1495 —-
711 1473 738 1509 7,
760 1472 778 1502 8
800 1475 892 1509 Quem
913 1483 1003 1503 unum
1024 1476 1128 1503 Deum.

581 1568 628 1600 93.
668 1568 767 1609 Super
788 1567 930 1608 „Regina
951 1567 1062 1600 Goeli“.

852 1640 883 1672 2.
908 1639 980 1671 Jam
1007 1648 1026 1671 a
1047 1642 1150 1672 morte
1174 1640 1373 1682 suscitatum,

912 1687 1001 1720 Sicut
1026 1691 1096 1720 erat
1119 1689 1332 1728 praelibatum

160 1641 191 1675 1.
218 1641 343 1682 Regina
368 1640 458 1682 coeli,
485 1640 618 1678 laetare,

220 1688 253 1721 Si
280 1696 423 1733 quaeras⁷
453 1697 470 1720 ο
497 1689 597 1729 virgo,
624 1696 733 1729 quare,

266 1737 337 1770 Vox
362 1737 538 1777 respondet
563 1736 726 1777 angelica:

217 1785 308 1826 Quod
334 1784 479 1817 meruisti
505 1786 637 1825 portare

218 1834 353 1867 Passum
377 1833 440 1866 Dei
465 1833 618 1873 salutare,

267 1881 360 1915 Tuba
384 1881 525 1922 psallens
551 1882 746 1922 harmonica,

237 1946 306 1975 0011.
326 1947 472 1976 Parisien.
491 1944 575 1977 3639.
597 1956 673 1976 saec.
694 1944 770 1977 ¹⁵l1e.

958 1736 1023 1768 Sua
1047 1744 1124 1769 voce
1149 1737 1347 1777 prophetica.

912 1784 937 1816 Ο
963 1784 1006 1816 mi
1030 1788 1144 1827 mater,
1170 1794 1228 1818 ora
1251 1788 1372 1828 natum,

912 1832 960 1866 Ut
980 1841 1040 1872 per
1065 1835 1152 1866 tuum
1177 1843 1236 1866 nos
1261 1838 1407 1876 rogatum

957 1880 1012 1913 Ad
1036 1890 1136 1923 regna
1162 1882 1259 1915 ducat
1284 1884 1415 1917 coelica.

485 2041 532 2073 94.
571 2041 775 2074 Acrostichon
796 2049 893 2084 super
914 2043 999 2082 „Ave
1019 2041 1150 2075 Maria-“.

851 2115 883 2148 2.
910 2111 1012 2154 Virgo
1037 2115 1092 2155 pia
1116 2114 1186 2147 sine
1208 2124 1298 2157 pare,

956 2162 1108 2196 Gabriele
1132 2165 1300 2197 nuntiante

908 2211 996 2252 Quae
1018 2211 1166 2245 meruisti
1189 2214 1321 2253 portare

955 2260 1076 2304 Jesum‚
1103 2270 1194 2294 sacro
1219 2260 1298 2294 flatu
1321 2260 1429 2304 flante,

908 2309 1007 2350 Virgo
1032 2313 1137 2352 partu,
1163 2313 1239 2351 post
1263 2314 1295 2342 et
1318 2314 1402 2354 ante,

955 2355 1126 2400 Refugium
1151 2358 1322 2403 singulare,

906 2406 979 2439 Hac
1002 2406 1036 2438 in
1061 2407 1146 2441 valle
1169 2408 1342 2442 vacillante

955 2455 1040 2488 Tuos
1067 2466 1178 2490 servos
1205 2458 1378 2493 consolare.

1260 2510 1303 2543 8*

218 2110 302 2155 Ave,
331 2114 469 2146 coeleste
493 2114 607 2157 lilium,

264 2164 346 2203 Ave,
373 2171 447 2195 rosa
470 2163 626 2204 speciosa,

218 2214 298 2253 Ave,
323 2211 437 2243 mundi
460 2211 668 2251 praesidium,

263 2261 346 2300 Ave,
372 2262 476 2291 mater
500 2259 649 2301 gloriosa,

216 2308 348 2350 Superis
374 2307 557 2349 imperiosa,

263 2356 433 2391 Trinitatis
459 2356 645 2398 triclinium,

214 2406 287 2439 Hac
311 2406 345 2438 in
371 2406 456 2439 valle
481 2405 652 2440 lacrimosa

262 2455 314 2491 Da
339 2454 448 2496 robur,
476 2452 526 2487 fer
550 2454 713 2489 auxilium.
