1653 2668
710 119 972 155 -226—

535 220 567 253 7.
593 217 660 252 Ubi
683 226 743 250 nec
768 226 838 250 cras
863 226 923 250 nec
946 218 1140 262 hesternum,

594 265 658 298 Sed
681 268 730 298 est
754 265 841 299 idem
865 265 1064 309 hodiernum,

592 313 657 347 Ubi
681 314 778 355 salus,
802 313 858 345 ubi
883 314 960 354 vita,

591 361 657 395 Ubi
681 372 745 403 pax
772 363 821 394 est
844 360 980 405 infinita,

639 409 704 443 Ubi
728 410 816 443 Deus
842 410 957 442 omnia.

269 478 347 506 Orat.
368 486 421 504 ms.
444 476 606 513 Oampense
626 477 696 503 anni
718 473 800 504 1462.
823 474 891 502 Cod.
912 474 1128 503 Darmstadien.
1148 474 1215 504 521.

615 596 677 628 210.
717 596 761 628 De
782 596 890 628 sancto
908 595 1070 627 Michaele.

200 683 228 715 1.
255 682 434 715 Christiane
460 681 508 714 vir
532 680 649 723 fidelis,
880 682 912 714 2.
938 681 1042 714 Istum
1066 681 1246 721 principem
1273 681 1421 713 decorum

253 731 312 769 Qui
337 738 471 769 regnare
494 730 542 761 vis
564 728 598 761 in
625 730 731 770 caelis,
939 729 985 762 Et
1007 728 1177 770 primatem
1203 728 1387 768 angelorum

254 778 357 818 Saepe
380 777 545 809 recordari
570 777 649 808 velis
937 776 1065 809 Laudet
1090 776 1204 809 chorus
1230 776 1412 816 electorum,

256 825 394 858 Gloriosi
417 825 596 865 MichaeliS‚
938 824 998 864 Qui
1023 824 1092 855 vult
1113 833 1182 856 esse
1206 824 1394 866 gaudiorum

298 872 457 913 Principis
487 872 658 912 ecclesiae;
986 872 1152 912 Particeps
1178 872 1371 905 coelestium.

254 920 317 953 Hic
343 919 492 952 defensor
516 921 690 952 animarum
938 920 1120 952 Habeamus
1145 921 1241 952 istum
1266 920 1363 951 talem

256 966 413 1000 Crucifixo
439 968 622 1000 devotarum
938 968 975 1000 In
1000 971 1170 1009 patronum
1196 968 1379 1011 specialem,

254 1016 298 1048 Et
322 1018 487 1055 susceptor
506 1018 555 1048 est
579 1024 685 1047 earum
936 1016 982 1049 Ut
1007 1024 1064 1048 nos
1092 1016 1188 1048 ducat
1211 1016 1253 1048 ad
1276 1016 1417 1056 regalem

253 1064 306 1096 Ad
332 1063 468 1095 coeleste
488 1064 584 1103 jubar
611 1063 728 1095 clarum
935 1063 1136 1096 Mansionem
1160 1063 1355 1096 aeternalem

299 1110 447 1143 Paradisi
472 1112 602 1152 gloriae.
984 1112 1202 1151 Supernorum
1227 1111 1352 1144 civium.

533 1170 563 1202 3.
590 1167 740 1210 Michael,
767 1177 785 1200 0
809 1168 960 1209 princeps
987 1168 1077 1208 bone,

592 1215 652 1254 Qui
675 1216 824 1256 pugnasti
850 1224 920 1247 cum
947 1216 1094 1259 dracone,

591 1262 659 1296 Fac
680 1273 738 1295 nos
764 1263 863 1296 fortes
891 1264 926 1296 in
951 1272 1060 1306 agone,

592 1310 638 1343 Ut
662 1311 696 1342 in
720 1311 782 1343 Dei
804 1311 925 1343 visione

640 1358 813 1391 Laetemur
836 1359 870 1391 in
894 1359 1011 1399 patria.

593 1406 642 1438 Tu
665 1415 725 1446 pro
749 1406 841 1439 nobis
867 1408 952 1439 omni
976 1408 1066 1448 hora,

593 1453 709 1486 Sancte
732 1454 883 1495 Michael‚
911 1464 1017 1496 exora,

590 1502 638 1535 Ut
661 1505 734 1542 post
757 1504 892 1534 mortem
916 1503 985 1535 sine
1009 1511 1098 1534 mora

591 1548 658 1581 Nos
683 1550 842 1590 perducas
868 1551 910 1583 ad
936 1551 1053 1584 decora

640 1597 841 1639 Sempiterna
864 1599 989 1639 gaudia.

275 1660 343 1689 Ood.
363 1660 457 1689 Palat.
478 1663 681 1691 Vindobonen.
707 1662 756 1698 (ol.
777 1663 983 1700 Lunaelacen).
1010 1662 1086 1692 4089
1117 1667 1187 1693 anni
1216 1663 1299 1693 1460.
1322 1665 1356 1693 A.
1378 1681 1414 1685 ——-
1436 1665 1508 1695 Clm.

201 1698 350 1727 Monacen-
372 1698 420 1730 (ol.
440 1699 589 1735 Tegurin.)
611 1699 711 1729 19824
730 1710 805 1730 saec.
828 1700 872 1730 15.
892 1703 927 1730 Β.
948 1718 984 1722 -
1006 1702 1078 1731 olm.
1099 1703 1252 1732 Monacen.
1275 1702 1323 1738 (01.
1346 1704 1397 1733 SS.
1418 1704 1509 1733 Udal-

197 1737 251 1764 riei
278 1740 307 1765 et
332 1738 431 1768 Afrae)
456 1737 531 1767 4423
559 1741 628 1767 anni
660 1737 741 1768 1480.
764 1740 795 1768 C.
815 1755 853 1760 —
874 1741 947 1769 Orat
984 1749 1037 1769 ms.
1057 1742 1237 1779 Tegurinum
1264 1751 1340 1770 saec.
1371 1742 1414 1771 15.
1437 1742 1507 1771 Chn.

198 1775 352 1803 Monacen.
381 1774 417 1804 20
426 1775 491 1805 001.
516 1778 555 1805 D.
582 1792 616 1796 —
651 1777 732 1805 Orat.
760 1787 814 1806 ms.
839 1780 1020 1816 Tegurinum
1046 1785 1116 1807 anni
1144 1779 1227 1809 1470.
1255 1780 1328 1808 Cim.
1354 1782 1508 1810 Monacen.

198 1811 233 1841 220
248 1811 311 1841 021.
332 1813 367 1842 E.
387 1829 426 1833 —
450 1813 475 1851 1,
496 1813 513 1843 5
533 1817 700 1852 Principem
720 1817 779 1845 alle
798 1816 868 1845 Hss.

648 1928 702 1961 211.
741 1930 786 1962 De
808 1931 918 1961 sancta
939 1929 1051 1962 odilia.

197 2009 231 2043 1.
256 2010 335 2050 Ave,
354 2011 449 2063 *virgo
474 2012 621 2056 gloriosa,
935 2015 987 2048 Ne
1015 2024 1119 2048 noxae
1142 2025 1200 2048 nos
1224 2017 1362 2059 stringat,
1386 2020 1508 2063 hamus,

257 2056 430 2090 Sanctitate
453 2060 591 2100 radiosa,
936 2063 1000 2096 Sed
1025 2064 1121 2096 soluti
1147 2074 1241 2105 quam
1266 2069 1477 2109 praestamus,

293 2105 487 2159 ’Clarescens
513 2108 628 2149 Odilia,
982 2112 1069 2145 Laus
1095 2112 1137 2144 sit
1161 2114 1394 2155 acceptissima.

255 2151 361 2193 ΞΐΗΡΘ
383 2155 494 2193 Pl'OdiS
519 2164 681 2197 genemsa,
878 2169 909 2202 3.
936 2169 1048 2202 Dulcis
1072 2170 1221 2203 Adalrici
1245 2175 1330 2213 nata,

256 2199 318 2232 Sed
342 2200 494 2234 virtutum
518 2204 590 2243 plus
615 2202 738 2238 famosa
937 2217 988 2249 Do
1010 2217 1131 2249 fflust‘ri
1153 2222 1333 2260 propagata

300 2247 400 2280 Facta
424 2259 482 2289 ΡΘΓ
506 2251 647 2287 hunuha,
982 2265 1180 2299 Francorum
1205 2266 1338 2310 familia,

198 2304 228 2336 2.
255 2304 279 2337 O
303 2306 483 2344 praecelsae
508 2308 617 2349 stirpis
643 2319 760 2352 ramus,
935 2313 1053 2346 Verum
1079 2322 1174 2347 caeca
1199 2320 1361 2358 generata,

254 2352 307 2384 Ad
330 2356 362 2385 te
384 2354 492 2387 miseri
517 2356 687 2390 clamamus
936 2360 987 2393 De
1011 2365 1043 2394 te
1067 2371 1156 2394 mens
1181 2364 1284 2404 patris
1308 2366 1440 2401 turbata.

301 2401 400 2445 rrae-„0
425 2402 638 2446 devotissima,
986 2410 1118 2445 Tractat
1146 2411 1324 2446 horribilia.
