1653 2668
731 134 962 170 -96-

196 233 349 270 Tegurin.)
376 230 477 260 19824.
506 231 537 259 C.
563 247 600 251 —
627 230 677 258 AB
704 230 843 258 schieben
871 239 924 258 vor
950 229 1034 265 jeder
1055 229 1180 265 Strophe
1206 231 1272 257 eine
1301 227 1427 264 Strophe
1454 227 1506 255 des

197 271 307 299 Liedcs
327 271 375 299 bei
395 271 482 298 Mene
503 270 540 302 ΙΙ,
561 267 618 297 460
640 269 696 296 ein.
713 283 748 287 —
772 267 796 301 1,
820 267 834 295 1
858 268 882 296 O
897 269 995 296 Maria
1013 269 1107 295 mater
1119 267 1176 295 BC.
1197 283 1234 287 —
1257 266 1281 300 1,
1306 265 1341 294 10
1356 265 1428 293 Cum
1449 274 1508 299 qua

199 309 279 336 salus
301 312 345 336 est
364 310 500 336 concreta
512 307 568 335 BC.
590 321 624 325 —
648 304 672 339 1,
697 304 731 334 12
745 306 832 343 Spem
854 307 959 334 salutis
980 307 1106 334 sentiam
1119 305 1176 333 BC.
1198 321 1231 325 —-
1252 304 1278 337 2,
1302 304 1316 333 1
1332 304 1507 333 Naturalem

197 350 298 375 contra
323 355 432 374 morem
452 346 509 373 BC.
539 361 575 366 —
595 343 627 376 2,
655 343 672 371 2
693 345 828 373 Genuisti
849 346 1010 380 genitorem
1032 344 1087 372 BC.
1112 358 1146 362 -
1168 342 1200 378 2,
1228 342 1245 372 :3
1265 344 1372 379 Virgo,
1405 344 1505 376 mater,

198 385 260 413 filia
277 386 337 413 AB.
357 399 394 403 —
415 382 440 418 2,
461 383 481 412 4
499 385 579 412 Tuae
601 383 693 419 prolis
714 383 751 410 ad
763 383 823 410 BG.
845 397 879 401 —
902 381 928 415 2,
950 381 967 410 5
988 382 1146 410 debitorem
1159 382 1216 410 BG.
1242 397 1270 401 -
1298 379 1324 415 3,
1349 380 1363 409 1
1378 382 1505 409 Mentem

196 425 276 451 tuam
302 423 489 451 conturbavit
510 421 567 449 BG.
596 435 633 439 —
659 418 692 454 3,
723 419 741 448 2
766 420 868 449 dolore
890 421 945 449 BC.
972 436 1010 440 —
1036 421 1068 456 3,
1094 418 1111 449 3
1134 420 1241 449 Christi
1270 421 1368 457 passio
1390 419 1447 447 ΒΟ.
1469 434 1506 438 —

196 459 223 494 3,
243 459 263 488 4
282 460 339 489 Sed
360 463 383 488 t<
406 460 514 488 laetam
535 461 714 487 restauravit
734 458 790 487 BC.
812 474 848 478 —
869 457 896 492 3,
919 457 954 486 10
974 460 1019 487 Ne
1040 467 1210 495 oppressum
1229 460 1263 486 A.
1285 472 1321 477 -—
1342 456 1369 492 3,
1392 455 1425 484 11
1445 457 1508 484 Nec

197 499 300 535 repelli
320 498 376 526 BC.
397 514 434 518 —
453 499 485 528 4.
511 497 525 525 1
548 497 758 525 Laetabundus
780 498 958 525 ascendebat
979 497 1033 525 BC.
1054 513 1092 517 —
1111 496 1139 531 4,
1161 495 1178 524 2
1200 497 1311 533 Corpus
1332 505 1417 523 suum
1438 495 1506 523 sub-

196 538 323 565 vehebat
335 536 391 564 BC.
414 552 451 556 —
470 534 497 571 4,
518 533 536 564 3
558 536 639 563 Coeli
659 544 747 572 super
760 535 818 564 BC.
841 550 876 555 —
898 534 924 571 5,
948 534 962 563 1
985 536 1133 570 Quantum
1147 537 1179 563 in
1193 537 1221 563 te
1234 535 1393 563 laetabaris
1410 533 1466 560 ΒΟ.

657 599 704 630 68.
744 597 787 630 De
809 598 933 630 Gaudiis
956 598 1044 630 BMV.

199 662 229 694 1.
258 660 380 702 Gaude,
407 661 505 701 virgo,
532 663 633 692 mater
659 660 787 697 Christi,
880 662 911 693 4.
940 660 1062 700 Gaude,
1090 659 1215 692 Christo
1241 659 1444 695 ascendente,

258 710 344 748 Quae
368 717 426 747 per
449 716 556 739 aurem
584 708 756 747 concepisti
938 707 998 747 Qui
1021 707 1053 739 in
1081 707 1200 739 coelum
1227 710 1260 738 te
1285 707 1414 739 vidente

306 755 456 788 Gabriele
480 755 599 787 nuntio.
985 755 1077 787 Motu
1102 753 1205 786 fertur
1229 754 1368 794 proprio.

260 805 358 841 Quam
382 803 557 842 prudenter
582 802 793 842 respondisti:
939 804 1035 837 Clara
1058 802 1143 834 nube
1166 801 1337 842 ferebatur,

255 850 350 889 Ecce,
377 859 444 881 sum
470 850 587 882 ancilla
612 850 731 883 Christi
940 850 1085 884 Galilaea
1108 849 1285 882 mirabatur

303 897 470 929 Hominem
495 898 551 929 sed
576 898 702 937 nescio;
985 898 1035 930 De
1060 899 1147 929 tanto
1171 897 1332 939 mysterio,

257 944 311 976 Sic
332 948 511 985 serpentem
538 945 725 985 contrivisti,
938 946 1010 978 Vox
1031 945 1173 985 jucunda
1197 944 1371 987 nuntiatur,

257 992 317 1024 Dei
342 993 473 1024 verbum
498 993 671 1032 implevisti
938 992 1128 1026 Humanitas
1154 995 1333 1031 coronatur,

307 1039 439 1072 Genesis
464 1040 632 1079 principio.
988 1040 1075 1073 Coeli
1099 1039 1213 1072 throno
1239 1039 1336 1080 regio.

202 1098 233 1131 2.
262 1096 383 1137 Gaude,
408 1097 482 1136 quia
505 1097 573 1128 Deo
600 1097 696 1137 plena
882 1100 912 1131 5.
940 1097 1061 1139 Gaude,
1077 1097 1161 1137 quod
1174 1099 1248 1136 post
1259 1096 1361 1136 ipsum
1376 1096 1505 1129 scandis

261 1144 418 1183 Peperisti
443 1144 512 1176 sine
536 1153 640 1184 poena
940 1145 985 1177 Et
1010 1147 1058 1176 est
1079 1144 1180 1175 honor
1205 1144 1263 1175 tibi
1289 1145 1418 1182 ‹gr-<udis

310 1191 385 1224 Cum
411 1192 544 1231 pudoris
569 1192 647 1223 lilio.
987 1193 1025 1224 In
1051 1191 1131 1223 coeli
1153 1192 1282 1231 palat-io.

260 1238 346 1271 Casti
369 1239 471 1270 lilium
496 1239 639 1279 pudoris,
941 1239 1029 1272 Coeli
1053 1239 1167 1270 throno
1193 1239 1373 1278 sublimata,

256 1286 355 1326 Virga
379 1287 482 1325 Jesse,
508 1285 566 1318 flos
592 1286 709 1328 odoris,
941 1286 1081 1319 Gemmis
1106 1286 1183 1318 satis
1210 1288 1362 1318 coronata

307 1333 417 1365 Salvat
441 1334 619 1376 puerperio,
990 1334 1146 1367 Paradiso
1171 1334 1261 1373 solio,

257 1382 340 1421 Quos
367 1381 531 1413 damnavit
558 1381 621 1413 dux
647 1381 773 1420 erroris,
941 1383 965 1415 O
991 1382 1110 1414 Esther
1134 1381 1355 1423 inthronisata,

259 1429 372 1466 Adam,
398 1428 479 1468 Eva,
506 1427 578 1460 fons
603 1428 767 1464 moeroris,
940 1430 1002 1461 Pro
1028 1429 1119 1461 nobis
1144 1429 1187 1460 sis
1213 1429 1370 1461 advocata

309 1475 454 1508 Colubris
478 1476 615 1516 ingenio.
990 1474 1104 1509 Coram
1129 1485 1205 1517 rege
1227 1475 1303 1508 filio.

202 1535 232 1566 3.
261 1530 381 1572 Gaude,
409 1533 482 1572 quia
506 1533 552 1565 tui
576 1533 653 1572 nati,
883 1535 914 1567 6.
940 1533 1005 1566 Ubi
1030 1533 1136 1565 fructu
1161 1533 1282 1565 ventris
1308 1533 1353 1565 tui

258 1581 355 1620 Quem
383 1580 511 1612 dolebas
536 1583 668 1612 mortem
693 1581 760 1621 pati
942 1582 1004 1614 Per
1029 1584 1061 1612 te
1085 1581 1176 1613 nobis
1204 1581 1296 1613 detur
1322 1579 1386 1612 frui

306 1627 421 1668 Fulget
447 1628 630 1660 resurectio.
989 1629 1027 1661 In
1052 1628 1185 1668 perenni
1210 1628 1336 1668 gaudio.

259 1676 327 1707 Rex
353 1675 551 1715 triumphans
577 1676 608 1706 in
635 1684 736 1716 agone
941 1676 1079 1708 Fructus
1104 1674 1191 1707 floris
1216 1675 1393 1716 virginalis,

262 1722 417 1762 Superato
445 1723 610 1755 Pharaone
941 1723 1079 1755 Fructus
1106 1722 1190 1755 vitae
1213 1722 1378 1762 spiritalis,

308 1769 456 1803 Surrexit
481 1770 521 1802 de
545 1771 677 1810 proelio,
991 1771 1128 1803 Fructus
1153 1770 1221 1801 sine
1247 1768 1334 1810 folio,

257 1817 308 1849 Ab
333 1818 491 1858 Aegypto,
518 1821 627 1857 pastor
651 1818 743 1858 bone,
942 1818 1020 1851 Flos
1045 1816 1168 1857 florum,
1193 1816 1252 1849 flos
1277 1818 1442 1858 virginalis

258 1865 351 1897 Educ
376 1874 432 1897 nos
458 1865 542 1897 victo
569 1866 707 1898 dracone
942 1866 987 1897 Et
1011 1864 1133 1897 fructus
1158 1865 1358 1905 universalis,

307 1912 358 1945 Ab
385 1913 452 1952 ejus
476 1913 620 1953 imperio.
991 1912 1083 1945 Salus
1110 1916 1142 1945 et
1166 1913 1354 1953 redemptio.

524 1972 555 2004 7.
582 1970 636 2002 Sic
659 1970 824 2010 Zephyrus
848 1970 948 2001 mittit
972 1978 1086 2012 rorem,

582 2018 668 2050 Rore
691 2016 771 2049 flora
795 2017 882 2057 parit
904 2016 1024 2057 florem,

627 2065 734 2097 Floris
756 2063 794 2096 fit
816 2063 964 2104 refulti03

580 2112 657 2145 Flos
682 2112 828 2144 ascendit
851 2112 885 2143 in
910 2112 1067 2154 decorem,

579 2160 679 2192 Flora
703 2160 845 2200 sequitur
869 2160 999 2192 odorem

629 2208 756 2240 Amoris
781 2207 928 2247 suspirio.

581 2255 668 2296 Ergo
691 2254 778 2287 floris
803 2257 905 2287 mater
928 2253 1017 2293 flora,

581 2303 649 2335 Nos
676 2302 813 2335 defende
836 2303 947 2334 mortis
972 2304 1052 2336 hora

628 2350 734 2383 Finali
760 2350 927 2391 supplicio¹

278 2406 357 2433 Orat.
387 2414 436 2433 ms.
457 2408 498 2434 Te
519 2408 637 2434 urinum
664 2415 739 2434 saec.
763 2404 807 2434 15.
834 2407 906 2435 Clm.
925 2408 1080 2437 Monacen.
1110 2407 1143 2437 19
1154 2408 1220 2438 824.
1242 2410 1275 2438 A.
1303 2424 1338 2428 —
1360 2410 1440 2438 Orat.
1462 2419 1515 2437 ms.

199 2445 379 2481 Tegurinum
399 2453 474 2472 saec.
515 2443 541 2472 5.
563 2445 636 2472 Clm.
656 2445 808 2473 Monacen.
831 2443 940 2474 20001.
960 2446 994 2474 Β.
