1653 2668
200 205 231 238 9.

179 410 233 443 10.

181 615 234 648 11.

184 819 237 851 12.

184 1024 238 1055 13.

181 1227 234 1259 14.

184 1429 241 1462 15.

185 1633 240 1668 16.

185 1837 237 1871 1'7.

186 2040 239 2074 18.

189 2242 242 2276 19.

694 125 742 132 ...-

257 205 336 244 Ave,
363 204 449 235 n'vus
474 202 573 235 fluens
597 202 701 245 mello,

258 252 333 284 Mea
353 252 437 283 mala
458 250 571 291 procul
594 250 679 290 pelle

259 300 303 332 Et
327 307 381 331 eor
403 307 505 330 meum
531 307 632 338 purga
656 296 741 338 felle,

260 347 306 380 Ut
329 346 388 379 sim
410 349 517 387 gratus
541 345 637 377 maris
663 346 784 379 stellae.

263 411 342 451 Ave,
368 409 488 448 pietate
506 409 612 448 piena,

261 455 349 490 Coeli
371 459 407 487 tu
433 456 570 488 dulcoris
592 463 684 495 vena,

261 503 408 538 Paradisi
433 504 475 535 ad
499 511 630 536 amoena

260 552 316 585 Me
343 551 382 583 de
407 550 496 583 faece
522 552 583 584 due
606 552 741 583 terrena.

256 615 335 655 Ave,
361 615 483 653 martyr
508 612 632 654 eximia,

261 661 433 704 Dorothea,
459 661 547 701 virgo
572 660 637 701 pia,

263 708 360 744 Cordi
385 717 454 740 meo
480 708 604 750 allevia,

262 757 347 796 Quae
372 756 522 788 hactenus
547 757 619 788 sunt
643 756 762 796 gravia.

264 819 344 860 Ave,
370 818 479 849 nutrix
503 816 714 858 orphanorum

261 865 524 905 Consolatrixque
547 867 736 897 moestorum

263 914 308 946 Et
331 912 471 952 adiutrix
496 911 695 952 afflictorum,

260 961 316 992 Me
341 963 515 992 consortem
542 959 593 993 fao
615 960 777 992 lectorum.

261 1022 342 1062 Ave,
368 1030 438 1053 mea
462 1030 534 1061 spes
560 1021 712 1064 sublimis,

261 1069 308 1101 Te
330 1069 465 1108 deposco
490 1071 627 1101 moestus
651 1070 744 1101 nimis

260 1117 308 1150 Ut
332 1125 402 1148 eum
426 1116 510 1148 vitae
534 1116 595 1148 erit
616 1115 700 1157 finis,

790 110 859 139 202

858 203 913 235 20.

856 407 911 440 21.

858 614 912 647 22.

858 819 914 851 23.

859 1025 914 1057 24.

262 1163 318 1196 Me
343 1163 384 1195 ad
403 1163 562 1195 Christum
587 1162 636 1195 fer
661 1164 700 1196 ab
717 1165 799 1196 imis.

259 1227 337 1266 Ave,
364 1225 464 1256 virtus
488 1225 661 1267 virginalis,

262 1273 339 1304 Tuis
363 1281 458 1311 pasce
481 1281 532 1304 me
555 1271 612 1304 sub
635 1272 704 1312 alis,

260 1320 310 1351 Ne
332 1320 366 1352 in
390 1318 484 1351 finem
503 1320 619 1360 jungar
640 1320 743 1360 malis,

262 1367 325 1399 Sed
342 1367 400 1399 sim
422 1368 517 1407 justis
543 1367 730 1407 coaequalis.

268 1429 346 1471 Ave,
373 1427 533 1460 balsamus
557 1428 674 1470 odoris,

262 1475 475 1517 Amygdalum
501 1476 578 1508 clari
602 1474 701 1518 floris,

260 1523 315 1555 Me
339 1525 518 1555 sanctorum
540 1524 637 1563 Junge
662 1524 777 1566 choris,

261 1572 309 1605 Ut
332 1574 365 1602 te
386 1571 515 1603 laudem
541 1571 660 1603 eunctis
683 1572 781 1604 horis.

266 1635 345 1673 Ave,
371 1632 477 1664 lumen
501 1633 581 1664 lucis
605 1641 721 1674 merae,

264 1679 435 1721 Dorothea,
460 1680 613 1712 miserere

265 1728 332 1760 Mei
355 1727 536 1768 morbisque
559 1728 689 1760 medere

266 1775 312 1807 Et
334 1775 462 1808 sinistra
487 1777 602 1808 cuncta
621 1778 699 1808 tere.

262 1837 341 1877 Ave,
367 1837 489 1869 laetitia
512 1847 598 1878 vera,

267 1884 315 1916 Tu
339 1887 530 1917 moestorum
554 1894 627 1927 spes
652 1886 785 1926 sincera,

267 1931 379 1964 Cordis
403 1933 465 1964 mei
489 1936 525 1965 tu
549 1935 592 1966 sis
617 1942 699 1974 sera,

266 1979 316 2011 Ne
339 1980 399 2011 hoe
422 1980 519 2013 intret
544 1990 642 2014 vorax
668 1980 746 2014 fera.

266 2040 345 2080 Ave,
373 2041 491 2074 Christi
516 2043 694 2085 disciplina,

266 2088 379 2121 Mitem
403 2089 482 2121 mihi
502 2093 534 2122 te
557 2092 677 2125 inclina

267 2134 389 2176 Corque
411 2146 519 2170 serves
544 2148 564 2171 a
587 2140 688 2181 ruina,

264 2182 374 2215 Hostis
397 2183 471 2216 fiam
493 2195 534 2217 ne
557 2188 680 2227 rapina.

268 2245 347 2288 Ave,
373 2247 506 2279 rutilans
530 2258 654 2290 aurora,

267 2291 363 2333 Virgo
389 2292 511 2335 fulgens
538 2299 570 2328 et
594 2297 718 2339 decora,

268 2339 376 2372 Jesum
399 2339 492 2374 flecte
517 2347 549 2376 et
574 2353 679 2384 exora,

268 2386 314 2418 Ut
337 2388 397 2419 sim
421 2388 499 2422 felix
521 2393 633 2424 mortis
651 2393 740 2426 hora.

860 1229 915 1261 25.

861 1434 916 1466 26.

863 1639 917 1671 27.

864 1843 917 1876 28.

866 2048 920 2080 29.

868 2254 921 2286 30.

909 124 955 131 -.-

939 203 1019 243 Ave,
1048 209 1176 233 consors
1198 201 1391 243 angelorum,

941 249 1053 288 Choris
1077 247 1163 281 infer
1186 257 1237 281 me
1261 251 1452 281 sanctorum.

938 297 1039 329 Deum
1066 296 1193 329 laudem
1216 298 1253 329 ut
1277 297 1406 329 deorum

939 344 1066 377 Cunctis
1092 344 1178 377 horis
1203 345 1411 377 saeculorum.

937 407 1017 448 Ave,
1045 407 1181 439 clemens
1208 409 1240 439 et
1263 406 1393 448 intacta,

937 454 1100 487 Dorothea
1124 455 1214 496 virgo
1239 457 1350 486 saneta

935 502 997 534 Per
1021 504 1053 533 te
1074 503 1108 534 in
1132 512 1183 534 me
1207 502 1272 534 sint
1297 500 1461 534 confracta

940 550 1103 582 Scelerata
1127 549 1257 591 quaevis
1283 552 1364 583 acta.

939 613 1019 652 Ave,
1046 621 1126 652 quae
1151 621 1184 644 es
1210 612 1314 644 cordis
1339 612 1387 643 rei

940 662 1068 693 Ancora
1093 663 1125 692 et
1148 659 1252 692 forma
1276 660 1356 701 spei,

939 709 1155 741 Interventrix
1180 710 1247 740 esto
1272 708 1336 738 mei

941 757 978 789 1n
1006 759 1177 796 conspectu
1201 755 1314 788 summi
1337 755 1408 787 Dei.

940 819 1020 857 Ave,
1046 817 1135 850 sidus
1160 821 1194 850 tu
1220 818 1430 859 praeclarum,

939 865 1056 898 Causas
1082 864 1172 897 aufer
1198 865 1359 898 ruinarum

941 915 1047 953 Atque
1066 912 1190 946 Christo
1214 912 1266 946 fac
1290 922 1340 945 me
1364 922 1481 953 caium.

941 961 1001 1000 Qui
1025 963 1073 992 est
1097 962 1182 993 salus
1207 961 1392 993 animarum.

937 1025 1017 1063 Ave,
1044 1031 1115 1054 mea
1139 1023 1304 1061 advocata,

941 1070 1105 1103 Dorothea
1128 1070 1172 1102 sis
1197 1073 1317 1111 rogata,

939 1119 985 1152 Ut
1012 1116 1154 1149 defectus
1181 1121 1213 1150 et
1234 1121 1369 1158 peecata

941 1167 1005 1199 Per
1030 1168 1061 1197 te
1086 1174 1105 1197 a
1128 1174 1180 1197 me
1204 1166 1269 1198 sint
1292 1166 1409 1199 ablata.

941 1229 1021 1267 Ave,
1049 1227 1159 1259 domus
1183 1228 1323 1268 pietatis,

940 1276 1018 1308 Flos
1043 1275 1139 1306 totius
1163 1275 1348 1313 honestatis,

937 1323 1015 1355 Dies
1039 1325 1168 1362 praesta
1191 1322 1337 1355 sanitatis

940 1371 1057 1411 Meque
1080 1379 1173 1403 serva
1198 1380 1218 1402 a
1241 1371 1392 1410 peccatis.

942 1434 1022 1472 Ave,
1048 1432 1137 1472 virgo
1165 1432 1266 1465 dulcis
1287 1430 1399 1475 famae,

943 1481 1066 1512 Vitiosa
1090 1478 1181 1512 aufer
1202 1490 1222 1512 a
1246 1488 1306 1522 me,

943 1528 988 1561 Ut
1012 1527 1175 1567 culparum
1199 1527 1278 1560 mihi
1301 1537 1450 1567 squamae

945 1575 1017 1608 Non
1041 1574 1106 1606 sint
1129 1576 1285 1608 cruciatus
1309 1573 1464 1608 fiammae.

943 1639 1014 1670 Ave
1036 1639 1082 1677 tu,
1109 1646 1189 1677 quae
1210 1637 1347 1670 scribam
1372 1637 1453 1668 rosis

943 1684 1090 1717 Paradisi
1114 1684 1266 1725 speciosis

942 1732 1082 1766 Reducis
1108 1741 1127 1765 a
1148 1731 1238 1765 falsis
1264 1731 1361 1771 glosis

944 1780 1078 1814 Salvans
1104 1780 1198 1812 dietis
1222 1779 1378 1821 gloriosis.

944 1843 1022 1881 Ave,
1049 1841 1138 1882 virgo
1165 1841 1284 1875 Christi
1309 1841 1402 1882 bona,

944 1890 991 1922 Te
1016 1898 1112 1921 exoro
1136 1898 1214 1921 voce
1236 1898 1348 1932 prona,

945 1938 991 1971 Ut
1014 1937 1094 1970 haec
1117 1937 1222 1970 laudis
1247 1945 1337 1968 meae
1363 1937 1446 1969 dona

945 1985 1015 2017 Tua
1036 1987 1181 2025 perstent
1204 1986 1238 2017 in
1265 1994 1389 2017 corona.

946 2049 1027 2087 Ave,
1053 2048 1174 2087 palmes
1201 2056 1296 2081 verae
1317 2047 1405 2087 vitis,

944 2095 1109 2128 Dorothea
1132 2104 1251 2136 sponsa
1273 2096 1369 2135 mitis,

948 2143 1027 2176 Cum
1049 2144 1198 2184 operibus
1224 2143 1369 2176 contritis

947 2191 1050 2224 Aufer
1076 2192 1180 2224 cordis
1205 2190 1347 2225 flammas
1372 2191 1449 2223 litis.

948 2254 1028 2293 Ave,
1055 2254 1171 2287 cellula
1195 2255 1356 2296 virtutum,

949 2302 987 2334 In
1012 2302 1162 2335 extremis
1187 2301 1239 2334 fac
1262 2310 1314 2333 me
1338 2305 1451 2343 tutum,

946 2349 1047 2381 Tuum
1071 2350 1228 2390 praebens
1250 2349 1329 2381 mihi
1354 2352 1487 2391 scutum,

944 2396 994 2429 Ne
1020 2395 1188 2430 formidem
1212 2401 1288 2430 tune
1313 2400 1485 2430 versutum.
