1653 2668
695 139 929 177 —28—

184 268 192 276 .
219 243 297 276 Jesu
322 241 385 282 pie,
411 241 489 274 Jesu
514 240 604 279 bone,

219 291 287 330 Qua
309 298 436 329 possum
463 288 639 327 devotione,

266 337 314 370 Te
337 346 413 377 rogo
438 335 636 377 suppliciter,

218 385 324 419 Corda
349 386 458 416 nostra
479 384 520 415 ad
545 382 700 415 orandum

218 433 263 465 Et
287 441 321 464 os
346 432 388 464 ad
410 435 443 462 te
467 430 667 462 salutandum

264 481 367 520 Aptes
393 477 576 511 efficaciter.

186 592 193 599 .
220 565 360 599 Primum
387 573 460 604 ergo
484 566 518 596 te
539 564 673 596 laudare

218 613 321 646 Decet
344 613 383 644 ab
409 612 469 643 hoc
495 615 527 643 et,
550 619 669 652 amare,

266 659 356 700 Quod
382 660 422 692 de
447 667 542 691 carne
565 658 699 698 virginis

218 707 383 741 Incarnari
410 706 546 747 voluisti,

217 756 404 787 Incarnatus
428 754 561 786 induisti

264 802 342 834 Veri
366 801 501 835 formam
524 801 671 835 hominis.

185 913 193 921 .
218 890 355 928 Propter
376 888 460 920 hanc
482 887 701 931 humilitatem,

219 938 286 976 Qua
305 935 352 967 sic
373 939 461 967 tuam
483 936 682 975 majestatem

266 983 440 1023 Inclinasti,
466 982 612 1024 Domine,

218 1031 286 1063 Fac
311 1039 369 1062 nos
393 1030 454 1062 tibi
478 1039 603 1071 semper
629 1038 698 1061 esse

217 1078 362 1111 Humiles
386 1080 423 1109 ut
447 1080 495 1109 est
518 1086 648 1110 necesse

265 1126 311 1158 Et
333 1126 469 1157 mundos
489 1135 508 1158 a
535 1126 674 1157 crimine.

188 1234 197 1243 .
221 1211 316 1243 Nunc
339 1211 479 1242 secundo
505 1211 733 1243 collaudandus

218 1259 263 1291 Et
287 1267 306 1290 a
331 1258 451 1290 cunctis
475 1259 710 1298 praedicandus

265 1306 322 1345 Es,
348 1306 425 1338 Jesu
451 1306 640 1346 dulcissime,

221 1354 311 1393 Quod
337 1361 406 1385 cum
431 1353 517 1385 Deus
543 1354 582 1385 ab
607 1356 736 1385 aeterno

220 1401 271 1433 Sis
297 1409 367 1432 cum
391 1403 494 1443 patre,
522 1402 562 1433 de
585 1404 728 1433 materno

266 1448 406 1488 Virginis
433 1449 627 1480 castissimae

186 1556 195 1566 .
221 1535 266 1567 Es
289 1534 435 1575 dignatus
460 1538 572 1567 ventre
594 1536 684 1567 nasci

218 1582 264 1615 Et
287 1582 428 1621 eJ'usdem
453 1582 536 1614 lacte
559 1582 649 1623 pasci

268 1630 371 1662 Natus
395 1629 595 1665 mirabiliter.

220 1678 284 1710 Per
307 1678 396 1710 illam
419 1678 618 1710 nativitatem

219 1726 281 1766 Da,
307 1728 342 1756 ut
366 1728 451 1757 tuam
477 1725 654 1758 claritatem

268 1774 440 1807 Cernamus
464 1774 658 1813 perenniter.

189 1884 195 1889 .
222 1858 330 1891 Tertio
355 1868 440 1891 nunc
462 1859 612 1892 honorari

220 1906 327 1939 Debes
353 1910 385 1939 et
406 1907 614 1948 magnificari,

268 1954 403 1996 Christe,
430 1964 449 1987 a
470 1954 619 1988 fidelibus

219 2002 268 2035 Eo
294 2004 377 2042 quod
401 2004 435 2035 in
458 2004 576 2036 mundo
598 2008 703 2045 natus,

220 2050 439 2095 Circumcisus,
462 2051 614 2084 adoratus

265 2099 434 2138 Magorum
457 2100 651 2141 muneribus,

184 2208 194 2217 .
219 2184 352 2224 Templo
376 2185 463 2225 patri
487 2188 719 2227 praesentatus,

219 2232 406 2271 Baptizatus
433 2236 465 2265 et
485 2236 669 2277 temptatus,

270 2279 381 2312 Clarus
403 2281 436 2312 in
458 2282 632 2324 miraculis,

219 2327 386 2368 Jejunasti,
411 2329 577 2370 laborasti,

218 2375 436 2409 Discurrendo
460 2378 656 2416 praedicasti

265 2423 406 2456 Verbum
428 2425 513 2457 vitae
536 2425 690 2466 parvulis,

844 240 898 272 10.

841 563 897 596 11.

842 887 896 921 12.

841 1212 897 1245 13.

842 1536 898 1569 14.

846 1861 899 1894 15.

842 2187 898 2220 16.

925 238 1043 277 Quarto
1069 237 1128 269 tibi
1153 242 1258 278 grates
1283 245 1352 277 ago,

925 285 1085 326 Splendor
1109 286 1211 326 patris
1237 289 1269 317 ct
1291 285 1408 324 imago,

969 334 1031 366 Pro
1055 334 1165 373 poenis
1190 333 1376 372 innumeris,

925 381 1008 419 Quas
1032 381 1064 412 in
1090 390 1185 413 carne
1209 379 1412 420 consecrasti,

924 429 1003 461 Post
1028 431 1060 460 et
1084 433 1252 469 antequam
1276 428 1425 470 portasti,

973 476 1105 509 Crucem
1129 477 1229 509 sacris
1252 475 1402 508 humeris.

923 560 971 594 Te
994 562 1111 596 sudaei
1133 561 1339 603 flagellabant

922 610 967 642 Et
991 610 1115 642 acerbis
1139 610 1351 643 vulnerabant

973 658 1100 698 Flagris
1127 657 1356 696 crudelissime,

922 705 969 737 Te
995 705 1167 738 frementes
1193 704 1419 745 conspuebant,

923 753 1115 785 Deridentes
1136 752 1318 785 illudebant

971 801 1154 833 Tractando
1179 800 1345 833 vilissime.

924 886 998 919 Tibi
1020 886 1143 918 vultum
1168 886 1355 919 velaverunt

925 934 1138 974 Colaphisque
1163 934 1348 966 ceciderunt

970 982 1099 1014 Faciem
1125 982 1342 1021 clarissimam,

922 1029 996 1062 Tibi
1020 1032 1125 1062 vestes
1152 1030 1368 1072 detraxerunt,

924 1076 1103 1118 Spoliantes
1127 1077 1328 1110 nudaverunt

971 1125 1106 1158 Carnem
1130 1124 1388 1157 sacratissimam.

924 1210 997 1243 Tibi
1024 1219 1148 1243 crucem
1173 1212 1403 1250 praeparantes

922 1258 967 1291 Et
988 1260 1023 1290 in
1047 1259 1150 1298 ipsam
1174 1262 1207 1289 te
1228 1258 1372 1290 levantes

969 1306 1226 1345 Blasphemando
1250 1306 1407 1346 nequiter,

923 1355 1010 1386 Inter
1034 1353 1121 1386 fures
1146 1354 1392 1394 suspenderunt,

921 1401 1049 1442 Manus,
1074 1402 1174 1441 pedes
1199 1400 1400 1434 confixerunt

970 1449 1064 1482 Cruci
1092 1449 1189 1482 clavis
1213 1447 1351 1482 fortiter.

926 1534 1029 1575 Caput
1053 1535 1154 1575 spinis
1180 1537 1360 1572 coronatur,

927 1582 1023 1615 Latus
1049 1583 1108 1615 tibi
1132 1581 1316 1623 perforatur

971 1631 1016 1663 Et
1038 1628 1159 1663 inflicto
1183 1630 1325 1672 vulnere,

924 1678 1023 1711 Totus
1048 1679 1159 1718 poenis
1183 1687 1216 1709 es
1241 1677 1391 1718 afflictus,

925 1726 1026 1759 Morti
1051 1726 1141 1759 dirae
1166 1735 1199 1758 es
1224 1727 1374 1758 addictus

970 1775 1033 1807 Pro
1055 1774 1192 1806 humano
1217 1775 1349 1807 scelere.

926 1861 990 1893 Per
1012 1860 1136 1901 plagas,
1162 1869 1240 1900 quas
1264 1860 1438 1903 pertulisti,

924 1908 989 1941 Per
1014 1917 1168 1950 cruorem,
1195 1917 1289 1948 quem
1313 1907 1437 1950 fudisti,

971 1957 1019 1988 Te
1042 1965 1129 1998 rogo,
1155 1965 1213 1988 rex
1237 1957 1367 1998 gloriae,

924 2005 972 2038 Ut,
992 2004 1046 2045 qui
1068 2002 1140 2037 fons
1165 2013 1198 2036 es
1221 2005 1363 2045 pietatis,

923 2052 1025 2085 Nobis
1051 2052 1149 2084 dones
1174 2052 1215 2084 de
1238 2053 1380 2093 peccatis

974 2100 1070 2140 Spem
1096 2103 1128 2132 et
1152 2103 1258 2133 actum
1283 2101 1404 2134 veniae.

926 2185 1040 2226 Quinto
1065 2186 1127 2219 tibi
1149 2187 1219 2219 laus
1245 2189 1295 2220 est
1320 2187 1437 2228 danda,

927 2234 1043 2267 Mundi
1066 2236 1153 2267 salus
1179 2235 1354 2276 adoranda,

976 2282 1067 2322 Quod
1090 2286 1193 2315 morte
1217 2284 1260 2316 ad
1283 2282 1405 2316 inferos

926 2331 1000 2364 Jam
1026 2331 1152 2364 devicta
1178 2331 1372 2364 descendisti

927 2378 972 2411 Et
997 2380 1139 2419 captivos
1165 2379 1331 2412 redemisti

974 2427 1158 2461 Liberando
1180 2427 1325 2462 miseros
