1653 2668
189 567 244 600 16.

188 888 243 922 17.

189 1210 242 1243 18.

190 1530 241 1562 19.

191 1853 246 1884 20.

191 2173 244 2207 21.

705 138 961 177 —154-

214 266 243 276 ,.
269 244 349 283 Ave,
371 243 478 275 mundi
504 249 620 273 necans
645 247 762 278 necem,

270 292 366 331 Cujus
392 293 492 322 totum
518 292 574 327 cst,
601 290 635 319 ut
659 295 785 327 precem

311 337 442 371 Fundas
466 345 525 377 pro
549 333 772 375 peccantibus3

268 387 349 427 Ave,
374 385 461 424 cujus
486 383 572 416 favet
596 386 668 414 voto

270 432 356 467 Coeli
377 431 471 463 turba
494 431 565 463 nisu
589 433 664 473 toto,

311 480 490 521 Voluntate,
517 478 647 512 viribus,

268 567 346 608 Ave,
373 565 509 596 clemens
529 571 548 594 o
571 563 688 605 Maria,

268 614 377 646 Mente
400 611 531 650 Rachel,
557 614 630 642 actu
653 609 723 647 Lia,

313 660 383 692 Hoc
407 659 499 691 modo
523 667 585 690 non
612 658 722 689 aliter:

269 707 398 745 Rachel,
425 707 498 746 quia
523 704 756 745 contemplaris,

269 756 338 797 Lia‚
364 754 437 793 quia
461 752 653 793 fecundaris,

310 803 427 834 Tamen
456 800 659 833 dissimiliter.

270 888 294 920 Ο
319 886 433 926 Maria,
459 888 593 918 matrum
618 886 736 925 palma,

270 934 376 966 Mater
403 934 513 973 dulcis,
539 935 641 964 mater
664 932 757 974 alma,

312 981 407 1020 Cujus
431 980 507 1013 fisus
531 981 657 1012 nomine

268 1028 468 1063 confidenter
494 1030 600 1060 cantat
623 1036 713 1059 reus:

267 1076 423 1108 Miserere
445 1076 508 1107 mei
532 1075 630 1113 Deus,

309 1124 411 1155 Parce
434 1124 521 1163 mihi,
546 1122 691 1156 Domine.

270 1209 348 1241 Cum
371 1208 403 1239 in
430 1209 524 1240 coelis
549 1208 593 1239 sis
617 1209 788 1249 assumpta,

270 1257 349 1297 Ave,
384 1258 489 1287 tamen
512 1264 637 1294 semper
661 1257 810 1294 prompta

311 1301 449 1336 Infirmis
475 1310 676 1342 succurrere3

270 1351 303 1383 Si
329 1350 449 1390 rogeris
473 1358 554 1390 puro
579 1350 684 1390 corde,

266 1398 393 1438 Rogans
415 1398 551 1429 mundus
575 1396 612 1428 fit
636 1406 656 1428 a
678 1397 785 1436 sorde,

313 1444 453 1477 Verbum
478 1445 637 1484 complens
663 1452 769 1484 opere.

269 1530 350 1570 Quid
377 1530 515 1562 centenis
540 1531 631 1561 utens
656 1530 771 1569 linguis

269 1577 390 1619 Dicam,
417 1578 478 1609 nisi
504 1577 587 1618 quod
613 1577 786 1617 exstinguis

312 1625 408 1665 Virgo
433 1625 524 1657 luxus
549 1625 728 1666 hominum3

268 1673 338 1704 Ave
362 1672 503 1713 multum,
531 1681 588 1703 ave
610 1673 714 1712 plene,

271 1718 360 1760 Quae
386 1720 504 1752 doloris
526 1720 626 1751 nostri
650 1728 772 1760 poenae

312 1767 451 1801 Posuisti
475 1767 652 1800 terminum.

272 1852 342 1885 Hoc
367 1852 476 1892 silebo,
502 1853 562 1885 hoc
585 1853 748 1893 loquarne,

271 1901 362 1939 Quod
387 1900 427 1932 de
451 1908 546 1933 carne
569 1901 638 1932 sine
663 1909 759 1933 carne

310 1948 348 1980 In
372 1950 405 1979 te
430 1956 501 1980 caro
525 1946 653 1981 floruit?

271 1995 364 2028 Unde
388 2004 512 2036 semper
537 1998 569 2026 et
591 2005 654 2028 non
679 2005 752 2028 raro

270 2042 319 2075 Sit
342 2043 436 2075 beata
459 2046 514 2075 tua
539 2051 622 2083 caro,

313 2090 380 2129 Qua
403 2094 512 2124 nostra
536 2089 687 2125 refloruit.

270 2175 350 2215 Ave,
374 2176 463 2215 virgo
483 2176 615 2216 jubilea,

269 2222 336 2261 Qua
358 2223 523 2255 solvuntur
546 2233 629 2265 reus,
657 2233 713 2257 rea

315 2269 360 2301 Et
382 2270 507 2303 laxatur
533 2271 683 2315 debitum,

270 2316 340 2348 Ave
365 2327 484 2358 rursus,
511 2320 544 2351 et
566 2320 686 2352 solutos

272 2362 339 2395 Fac
361 2373 380 2395 a
402 2367 510 2398 mundi
535 2365 625 2399 faece
647 2370 742 2409 tutos

314 2411 419 2444 Vitam
445 2413 523 2446 dans
546 2417 622 2454 post
645 2416 773 2448 obitum.

864 239 921 270 22.

864 561 920 593 23.

864 884 918 916 24.

865 1207 919 1239 25.

864 1530 919 1562 26.

865 1854 920 1886 27.

867 2179 922 2212 28.

946 236 980 269 Si
1007 234 1084 276 quid
1108 234 1229 267 habent
1251 233 1327 266 boni
1349 231 1436 270 boni,

946 284 1002 316 Fit
1024 291 1083 322 per
1107 282 1224 315 bonum
1249 282 1297 314 tui
1323 280 1408 323 doni,

994 332 1076 371 Ave,
1104 330 1225 363 donans
1246 330 1375 370 ¹²iugiter,

946 379 1019 411 Non
1044 377 1136 411 nobis
1159 381 1192 410 te
1215 377 1333 409 nostris
1360 376 1460 418 bonis,

947 426 1011 459 Sed
1036 434 1149 458 revera
1171 424 1230 457 tibi
1255 425 1356 457 omnis

993 474 1078 506 Laus
1102 474 1137 505 in
1161 473 1224 506 fine
1251 474 1385 506 canitur.

946 560 1016 592 Ave
1028 568 1086 599 per
1096 569 1190 599 quam
1199 567 1354 590 summum
1366 557 1489 596 ducem,

944 608 1043 639 Immo
1070 616 1158 639 suam
1184 606 1268 638 vidit
1291 606 1394 637 lucem

994 655 1134 694 Populus
1158 655 1193 686 in
1218 653 1381 693 tenebris;

943 702 989 735 Ut
1012 702 1161 734 viderent
1183 702 1286 734 lucem
1311 700 1376 740 isti,

944 749 1063 782 Mortis
1089 758 1233 781 somnum
1254 747 1403 788 repulisti

993 796 1045 830 Ab
1072 806 1180 829 eorum
1204 796 1381 836 palpebris

945 884 1012 916 Piis
1037 883 1129 921 bona,
1156 883 1211 923 pia
1235 882 1327 914 bonis

947 932 1205 964 Praemonstrata
1229 929 1388 962 Gedeonis

993 978 1161 1011 Madidato
1181 977 1318 1017 vellere3

947 1028 1027 1065 Ave,
1055 1026 1143 1065 cujus
1171 1025 1284 1058 ditioni

947 1073 1094 1106 Subdunt
1117 1083 1175 1105 sua
1199 1081 1296 1112 seque
1320 1072 1396 1104 boni

991 1120 1110 1164 Mente,
1137 1120 1253 1162 verbiS‚
1280 1128 1388 1160 opere.

946 1206 1094 1247 Loquens
1116 1206 1219 1245 mane,
1244 1206 1377 1246 loquens
1402 1214 1474 1237 sero

948 1254 1033 1286 Vere
1056 1254 1159 1286 minus
1185 1253 1247 1285 erit
1270 1262 1358 1294 vero,

994 1301 1154 1341 Quidquid
1181 1301 1221 1334 de
1244 1303 1278 1332 te
1305 1301 1434 1343 dixer03

947 1348 1010 1381 Sed
1035 1348 1130 1380 silere
1157 1357 1226 1380 cum
1251 1348 1294 1380 sit
1317 1356 1424 1389 grave,

951 1396 1000 1428 De
1024 1399 1057 1427 te
1081 1396 1142 1428 tibi
1165 1404 1291 1435 semper
1316 1404 1376 1429 ave

993 1444 1117 1484 Dicam,
1143 1444 1248 1484 quoad
1272 1444 1392 1476 vixero.

945 1529 1026 1572 Ave,
1055 1530 1143 1569 cujus
1170 1529 1262 1562 dulce
1284 1537 1398 1561 nomen

948 1576 1066 1609 Gratus
1092 1578 1171 1610 odor
1195 1579 1243 1608 est
1268 1580 1300 1609 et
1325 1585 1425 1619 omen,

993 1625 1115 1656 Hilaris
1141 1625 1310 1665 memoria3

946 1673 1027 1715 Ave,
1055 1673 1154 1713 virga,
1181 1681 1275 1713 quam
1302 1673 1342 1705 de
1366 1673 1459 1705 Jessc

947 1720 1154 1760 Egressuram
1181 1719 1273 1752 nobis
1299 1728 1369 1752 esse

994 1767 1105 1800 Sonuit
1131 1768 1273 1800 historia.

947 1853 1063 1885 Fertur
1086 1853 1176 1894 virga
1198 1851 1353 1894 floruisse,

948 1901 1083 1933 Florens
1108 1902 1218 1933 statim
1242 1899 1435 1942 fronduisse,

996 1949 1165 1982 Frondens
1182 1949 1260 1982 dans
1270 1949 1473 1990 amygdalum
1482 1960 1490 1990 3

950 1996 1043 2029 Valet
1066 1997 1170 2037 aegris
1196 1995 1319 2029 fructus
1344 1997 1410 2040 ille,

950 2044 1036 2076 Tuus
1061 2045 1157 2076 solvit
1181 2053 1244 2077 non
1269 2054 1288 2077 a
1312 2045 1411 2086 mille,

997 2091 1060 2124 Sed
1086 2101 1105 2124 a
1129 2092 1250 2124 eunctis
1274 2093 1471 2126 scandalum.

949 2178 1049 2219 Virga
1073 2178 1154 2210 silex
1176 2178 1225 2211 bis
1250 2188 1420 2218 percussus

948 2226 1057 2266 Aquas
1082 2225 1190 2259 fundit
1214 2227 1304 2266 quasi
1325 2228 1444 2267 jussus,

997 2273 1115 2313 Quibus
1141 2283 1267 2315 gregem
1294 2276 1409 2316 satiat3

944 2321 998 2353 Sic
1022 2321 1128 2354 Maria
1155 2323 1233 2354 dura
1259 2323 1388 2363 quidem

951 2369 1067 2402 Mundi
1091 2371 1203 2414 mollit,
1232 2370 1299 2410 ejus
1323 2369 1420 2404 fidem

992 2418 1136 2459 Format‚
1161 2418 1272 2464 nutrit,
1299 2418 1442 2460 ampliat.
