1655 2669
708 148 945 185 —15-

261 245 365 278 Dator
389 254 551 286 nunquam
577 245 729 279 deficiens
949 247 994 280 Et
1018 250 1072 279 tuo
1097 248 1207 279 sancto
1232 245 1395 286 sanguine,

262 292 323 335 Qui
348 302 381 326 es
407 294 479 334 pius
505 293 698 344 largifluens.
857 295 936 328 240.
952 295 1159 334 Redemptor,
1181 293 1347 326 redemisti
1370 302 1429 326 me.

166 341 245 376 210.
308 341 358 374 Tu
382 342 485 382 patris
510 343 670 383 sapientia
950 343 995 376 Et
1018 342 1091 376 ideo
1113 342 1226 375 invoco
1252 343 1284 373 te

260 388 333 430 Via,
359 389 427 422 vita
452 392 485 422 et
508 390 640 430 veritas,
951 391 996 424 Et
1019 399 1131 424 nomen
1156 393 1245 422 tuum
1268 398 1365 430 super
1389 397 1449 422 me.

261 436 372 470 Virtus
396 437 500 478 patris
526 441 559 469 et
582 439 696 478 pietaS,
951 439 1091 472 Verbum
1116 438 1229 482 patris,
1258 437 1352 470 visita
1376 446 1427 470 me

260 486 449 527 Regressus,
475 485 561 518 unde
585 495 730 527 veneras,
951 487 988 519 In
1013 495 1092 528 pace
1117 490 1181 526 tua,
1207 485 1353 519 Domine.

260 535 300 567 In
325 533 398 566 sinu
421 532 525 574 patris
550 534 687 575 habitas,
857 536 936 569 245.
952 535 1011 574 Qui
1035 534 1173 568 omnium
1195 543 1255 575 pro
1280 534 1385 565 salute

166 580 246 616 215.
260 580 327 615 Ubi
352 581 453 614 omnis
480 581 631 615 divinitas
949 583 1001 615 Ex
1025 582 1150 615 illibata
1176 581 1299 624 virgine

260 630 322 663 Est
346 631 379 661 et
402 629 549 670 perfecta.
574 630 687 673 deitas,
949 630 1129 663 Humanam
1155 638 1281 663 carmen
1307 638 1431 662 sumere

261 677 456 710 Immortalis
481 678 665 719 aeternitas,
948 678 993 711 Et
1017 678 1202 719 sanguinem
1225 677 1389 718 suscipere

259 725 329 758 Deo
354 726 441 766 patri
468 725 502 757 in
527 726 629 766 gloria
948 726 995 758 Es
1021 726 1181 767 dignatus,
1208 735 1225 759 o
1250 725 1397 765 Domine,

262 773 450 814 coaequalis
476 781 536 814 per
560 774 674 806 omnia,
856 771 935 808 250.
950 775 1029 808 Jesu
1055 772 1191 815 Christe,
1216 782 1274 806 rex
1298 773 1430 814 gloriae.

167 821 249 855 220.
263 821 314 853 Ibi
338 823 381 864 te,
404 822 493 862 Jesu,
519 821 673 861 alloquor,
948 822 1018 854 Rex
1038 830 1159 863 regum,
1184 831 1242 854 rex
1266 820 1429 863 pacificus,

259 867 312 901 Ibi
335 870 376 909 te,
403 868 491 908 Jesu,
519 868 685 909 deprecor,
947 870 1018 902 Rex
1044 869 1224 903 dominator
1249 869 1405 912 dominus,

261 917 308 949 Te
331 916 435 948 Deum
459 924 570 949 verum
595 915 699 949 fateor
947 918 1018 950 Rex
1042 919 1201 960 aeternus,
1225 926 1283 950 rex
1298 917 1481 958 immensus,

259 964 306 996 Et
327 963 488 996 hominem
513 963 666 997 confiteor
948 965 1018 998 Rex
1043 974 1209 1006 supernus,
1235 974 1292 998 rex
1317 965 1482 1006 benignus,

259 1012 305 1044 Et
324 1012 465 1051 judicem
491 1011 655 1052 profiteor.
854 1013 933 1046 255.
947 1014 1018 1046 Rex
1045 1014 1200 1054 coelestis,
1226 1013 1393 1054 gloriosus,

165 1059 245 1091 225.
260 1060 338 1093 Jesu
362 1059 509 1101 benigne,
535 1060 662 1100 respice
947 1062 1017 1093 Rex
1042 1062 1076 1093 111
1100 1070 1198 1101 regno
1219 1064 1274 1093 tuo
1300 1061 1414 1104 clarus,

261 1109 393 1141 Sursum
418 1110 451 1140 te
475 1116 604 1149 quaero,
631 1108 776 1148 Domine,
946 1109 1136 1142 Moderator
1159 1118 1266 1141 rerum
1291 1117 1382 1151 unus,

260 1156 298 1188 In
323 1155 395 1187 sinu
418 1155 532 1196 patris,
556 1155 660 1197 hagie,
947 1157 1007 1197 Qui
1031 1156 1189 1198 gubernas
1215 1158 1329 1189 cuncta
1353 1157 1450 1196 solus,

261 1202 328 1237 Ubi
353 1204 456 1247 sedes,
484 1212 541 1235 rex
566 1204 697 1245 gloriae,
947 1204 1076 1238 Exaudi
1100 1213 1151 1236 me
1174 1204 1345 1245 propitius,

260 1250 313 1284 Ad
340 1251 487 1284 dextram
507 1251 619 1294 patris,
646 1251 791 1295 Domine,
853 1253 933 1286 260.
947 1252 1031 1285 Mihi
1057 1252 1194 1285 clemens
1218 1253 1262 1285 sis
1289 1255 1321 1284 et
1344 1253 1427 1293 pius,

164 1299 245 1332 230.
259 1300 308 1332 Tu
332 1299 367 1331 in
390 1302 493 1340 patre,
520 1302 614 1339 pater
637 1300 671 1332 in
696 1301 738 1332 te.
948 1301 1006 1334 Cui
1031 1300 1132 1333 servit
1156 1301 1235 1333 ordo
1261 1301 1397 1333 coelicus

260 1346 321 1387 Ibi,
348 1346 435 1388 Jesu,
461 1346 595 1380 obsecro
620 1350 662 1388 te,
946 1348 991 1381 Et
1016 1348 1162 1381 coelestis
1188 1348 1357 1383 exercitus.

260 1395 434 1436 Interveni,
461 1404 588 1436 quaeso,
614 1405 674 1436 pro
698 1404 750 1427 me
947 1396 1020 1428 Tibi
1045 1396 1132 1438 patri
1155 1396 1296 1438 ingenito

260 1442 359 1484 Apud
383 1445 519 1484 patrem,
543 1443 696 1483 piissime.
946 1443 1095 1485 Natoque
1119 1444 1291 1486 unigenito,

256 1490 331 1522 Non
352 1499 431 1522 voce
457 1489 538 1530 dico,
564 1490 711 1532 Domine,
852 1493 932 1526 265.
947 1491 1081 1532 Spiritui
1105 1493 1263 1532 paraclito

162 1538 241 1573 235.
257 1537 323 1571 Sed
349 1537 507 1571 communi
533 1538 672 1571 essentia
945 1539 1042 1581 Laus,
1069 1539 1171 1572 honor
1195 1543 1290 1581 atque
1315 1540 1427 1582 gloria,

254 1586 301 1618 Et
324 1586 451 1626 aequali
475 1586 621 1627 potentia
946 1587 997 1619 Sit
1018 1588 1120 1621 virtus
1147 1590 1179 1620 et
1202 1588 1347 1629 potentia

253 1634 300 1666 Et
322 1633 447 1673 pietate
471 1633 575 1666 unica.
945 1635 1008 1667 Per
1032 1636 1231 1668 saeculorum
1255 1637 1391 1670 saecula.

254 1681 314 1722 Tu,
342 1684 478 1721 creator,
506 1682 621 1714 creasti
645 1690 706 1724 me,

236 1756 305 1785 Cod.
327 1756 514 1785 Vallicellan.
534 1756 559 1784 B
580 1755 617 1785 63
644 1765 719 1785 saec.
744 1755 787 1785 11.
808 1758 843 1786 A.
864 1773 900 1778 —
922 1759 994 1787 Olm.
1015 1760 1168 1788 Monacen.
1188 1758 1236 1795 (01.
1258 1759 1287 1788 S.
1311 1760 1411 1790 Crucis
1432 1769 1479 1797 ap.

157 1792 313 1830 Offemont)
335 1793 432 1824 11325
452 1804 527 1824 saec.
552 1793 595 1823 12.
612 1796 646 1824 Β.
662 1809 699 1815 -
714 1795 783 1824 Cod.
804 1797 899 1825 Palat.
920 1798 1124 1826 Vindobonen.
1144 1794 1221 1827 4096
1242 1807 1319 1827 saec.
1336 1798 1380 1828 15.
1395 1800 1427 1829 O.
1441 1814 1478 1818 ——

157 1833 379 1862 (ἕω-1731101111.
400 1831 476 1862 3769
497 1842 572 1862 saec.
596 1832 640 1862 15.
654 1835 691 1863 D.
706 1850 744 1854 —-
759 1834 1051 1865 Cod.Monaste1-ien.
1072 1834 1128 1864 209
1147 1835 1224 1872 (560)
1238 1845 1314 1866 saec.
1332 1836 1376 1866 15.
1390 1839 1427 1867 E.
1441 1853 1478 1857 —

155 1873 240 1901 Nach
267 1871 292 1901 1.
317 1872 400 1900 Deus
426 1873 547 1901 deorum
574 1874 662 1902 unice
686 1873 721 1900 E.
742 1888 780 1892 —
801 1872 828 1901 2.
852 1874 985 1902 Christus
1005 1875 1094 1903 Jesus
1113 1875 1154 1911 E3
1182 1876 1297 1904 Christe
1322 1876 1365 1905 fili
1392 1885 1478 1906 sanc-

156 1912 272 1940 tissime
294 1910 326 1938 O.
346 1927 385 1932 —
404 1909 432 1939 4.
454 1921 471 1940 o
491 1920 543 1939 rex
567 1910 598 1939 O.
618 1925 656 1932 ——
675 1909 703 1939 8.
724 1911 797 1940 Cum
817 1912 879 1941 filio
900 1921 966 1943 cum
985 1914 1105 1942 flamine
1124 1914 1158 1942 B.
1179 1929 1216 1933 —
1239 1913 1265 1943 9.
1286 1923 1341 1944 ave
1360 1919 1479 1945 sanctus

155 1950 224 1978 vale
243 1951 286 1987 B3
313 1952 492 1987 sanctusque
511 1950 580 1978 vale
598 1950 635 1978 E.
657 1965 695 1970 -—
717 1948 762 1979 10.
783 1950 909 1979 Sanctus
930 1960 1047 1989 quoque
1065 1952 1135 1981 vale
1153 1953 1192 1989 A3
1216 1953 1341 1982 Sanctus
1362 1963 1480 1992 quoque

156 1988 238 2017 salve
263 1988 323 2018 BE.
345 2004 382 2008 —-
408 1987 452 2017 13.
484 1988 530 2016 On
556 1988 635 2017 filius
664 1989 701 2025 03
727 1990 791 2018 Ben
816 1989 860 2018 fili
885 1990 918 2018 B.
938 2006 978 2010 -—
1000 1989 1043 2019 17.
1064 1991 1124 2019 Hel
1148 1992 1231 2021 fortis
1257 2001 1369 2022 summe
1389 1994 1420 2022 G.
1440 2008 1479 2013 —-

158 2024 201 2055 18.
222 2028 270 2055 Tu
288 2028 410 2065 primus,
432 2030 464 2056 tu
483 2028 664 2056 novissimus
686 2028 724 2064 G;
744 2029 790 2057 Tu
808 2030 921 2065 primus
943 2031 972 2057 et
989 2030 1169 2058 novissimus
1182 2031 1219 2059 E.
1232 2046 1267 2051 —·-
1285 2030 1330 2059 27.
1344 2033 1390 2062 Tu
1409 2033 1479 2061 lava

153 2074 201 2110 nne
207 2074 240 2133 Ba
260 2067 299 2104 B3
326 2067 372 2095 Tu
398 2067 469 2095 lava
486 2075 542 2095 nos
561 2067 599 2095 E.
620 2082 658 2087 -—
678 2064 723 2095 29.
745 2067 786 2095 Et
803 2067 879 2096 fehlt
899 2066 929 2095 C.
949 2083 989 2087 —
1008 2068 1162 2097 Zwischen
1181 2067 1218 2098 29
1238 2070 1298 2099 und
1317 2068 1355 2100 30
1375 2072 1478 2100 stehen

153 2113 186 2132 111
237 2114 244 2132 :

612 2144 654 2172 Et
673 2143 710 2173 de
728 2145 955 2173 necessitatibus

611 2184 654 2212 Et
673 2191 692 2212 a
710 2183 957 2212 tribulationibus

611 2222 654 2250 Et
672 2229 692 2251 a
711 2224 825 2251 cunctis
845 2222 997 2252 doloribus

610 2261 653 2290 Et
673 2261 711 2290 ab
731 2260 964 2291 infirmitatibus.

150 2305 197 2337 30.
217 2308 330 2337 Libera
348 2317 403 2337 nos
422 2309 467 2346 E3
487 2308 570 2338 Erue
589 2319 636 2338 me
655 2311 689 2339 B.
712 2325 748 2330 —-
770 2308 817 2339 31.
838 2311 883 2340 Ab
905 2312 1040 2340 omnibus
1060 2312 1303 2343 tribulationibus
1316 2314 1352 2342 E.
1371 2330 1409 2334 ——
1429 2314 1476 2346 32.

148 2346 191 2375 Et
209 2347 284 2376 fehlt
303 2347 335 2376 G.
355 2362 380 2367 —
415 2345 459 2377 33.
481 2347 522 2376 Et
545 2348 620 2377 fehlt
640 2349 671 2378 G.
693 2364 731 2369 -
751 2346 798 2379 34.
814 2350 859 2378 Ac
877 2352 1106 2380 necessitatibus
1122 2352 1153 2380 C.
1175 2368 1212 2372 —-
1232 2350 1278 2382 35.
1298 2362 1353 2382 nos
1367 2354 1407 2392 E3
1428 2364 1477 2384 me

148 2385 223 2414 fehlt
243 2386 274 2414 0.
295 2384 400 2423 —,40.
421 2387 498 2416 Tute
524 2390 559 2415 ut
585 2388 785 2425 homonogeni
804 2389 844 2422 A;
871 2389 918 2416 Tu
942 2388 1014 2417 theu
1033 2390 1192 2428 homogeni
1211 2392 1251 2429 E;
1279 2393 1326 2421 Tu
1352 2393 1436 2423 theos
1457 2404 1473 2423 0

147 2426 308 2463 monogeni
331 2425 362 2455 G.
383 2441 422 2446 —
441 2424 488 2455 45.
508 2427 618 2455 Trinus
641 2430 671 2456 et
689 2436 766 2455 unus
787 2428 829 2456 sis
849 2436 961 2456 memor
980 2429 1075 2458 nostri
1088 2429 1124 2457 E.
1138 2446 1178 2451 -
1190 2429 1236 2459 46.
1258 2430 1306 2459 Sis
1330 2433 1363 2460 in
1377 2434 1474 2463 Deum

147 2465 188 2501 B3
209 2464 251 2493 Et
272 2466 305 2494 iu
317 2465 416 2494 Deum
427 2465 465 2494 E.
479 2481 516 2487 ——
529 2463 577 2494 47.
591 2466 688 2504 Atque
708 2466 828 2495 domum
847 2468 887 2503 B3
909 2466 951 2495 Et
969 2469 1002 2496 in
1021 2469 1140 2497 domum
1152 2470 1189 2498 E.
1203 2485 1242 2491 —
1254 2468 1355 2500 491111
1367 2473 1474 2503 fluctus
