1653 2668
749 157 1009 193 -171-2

219 253 251 285 3.
278 255 335 287 Me
360 256 549 287 convertens
575 256 606 286 et
631 256 778 288 avertens
909 256 939 288 5.
969 256 993 289 O
1019 255 1135 296 Maria,
1159 257 1262 287 mater
1285 254 1350 294 pia,

277 303 405 335 Pestem
428 302 541 346 diram,
568 311 693 335 omnem
716 302 809 343 iram,
968 305 1087 337 Parens
1111 302 1185 345 Dei,
1210 305 1313 335 mater
1337 302 1416 343 spei,

327 350 467 392 Summa,
493 358 571 382 vera
593 351 733 393 trinitas,
1013 351 1202 384 Sanctorum
1226 350 1436 392 sanctissima,

279 398 349 431 Fac
372 406 424 429 me
448 398 508 430 tibi
528 398 583 430 hic
608 402 640 430 et
663 399 709 431 ibi
966 399 1022 431 Me
1047 399 1198 442 curando,
1226 398 1418 431 consolando

282 446 457 487 Gratulari,
484 446 661 489 collaetari,
967 446 1183 488 Praemunire,
1208 445 1370 478 custodire

324 492 469 534 Simplex
493 503 558 526 una
583 494 696 527 deitas.
1012 494 1163 536 Digneris
1186 495 1340 535 piissima.

217 552 251 585 4.
276 551 344 593 Me,
370 560 388 583 0
414 550 504 592 Jesu,
529 551 574 583 tui
603 560 657 584 esu
908 552 940 585 6.
966 552 1085 584 Turma
1110 554 1224 584 cuncta
1248 552 1316 584 Deo
1340 551 1461 591 juncta,

277 600 397 639 Tisque
422 601 513 631 truce
536 601 640 631 morte
666 608 759 632 cruce
967 599 1168 640 Sempiterno
1191 600 1224 631 in
1250 607 1388 639 superno

325 647 356 680 A
380 647 474 679 malis
500 647 628 688 eripiaS,
1013 648 1097 680 Mihi
1120 647 1164 679 sis
1188 647 1339 688 propitia,

276 695 347 727 Tua
371 704 459 727 arma
483 694 563 727 mihi
586 704 701 735 parma
967 695 1045 727 Tuis
1070 694 1130 727 alis
1154 704 1206 727 me
1230 704 1250 727 a
1273 694 1367 727 malis

278 742 350 776 Sint
385 745 417 774 et
441 745 575 785 scutum,
601 741 659 775 flos
685 744 848 786 virtutum,
966 742 1181 784 Protegendo,
1207 742 1445 784 comprimendo

326 790 472 823 Tandem
494 798 545 822 me
570 791 736 831 suscipias,
1016 791 1144 832 Hostes,
1170 791 1249 823 tolle
1273 790 1361 823 vitia.

546 849 577 881 ¹7.
603 850 711 889 Atque
735 850 839 880 tecum
864 851 901 880 ut
921 850 956 880 tu
981 857 1089 880 secum

610 896 666 928 Me
691 895 824 936 dignare
844 899 921 928 tunc
945 905 1088 939 regnare,

658 944 718 983 Qui
743 946 777 975 et
800 944 866 975 suis
890 943 1025 984 largiter

608 991 687 1023 Post
710 991 794 1023 hanc
820 992 916 1024 vitam
940 991 994 1023 hic
1016 990 1139 1023 finitam

608 1038 715 1072 Multa
740 1038 839 1071 donat.
861 1042 894 1070 et.
919 1041 1050 1071 coronat

657 1086 785 1119 Laurea
808 1085 1003 1127 perenniter.

293 1150 382 1179 scala
402 1151 477 1179 coeli
497 1159 573 1180 saec.
596 1149 641 1179 14.
663 1160 708 1179 ex.
730 1151 800 1179 Ood.
819 1152 945 1188 Pragen.
964 1151 1041 1179 xm
1058 1152 1087 1179 E
1106 1149 1133 1179 3.

660 1243 719 1276 136.
759 1242 803 1275 De
823 1243 943 1276 sanetis
963 1244 1103 1284 Angelis.

221 1314 249 1346 1.
275 1315 330 1347 Ad
355 1324 423 1356 vos,
450 1316 603 1348 coelestes
628 1315 773 1355 spiritus,
928 1316 959 1349 7.
985 1315 1010 1348 Ο
1036 1314 1196 1348 medicina
1220 1313 1361 1354 Domini,

276 1362 398 1395 Summi
422 1364 507 1404 regis
532 1363 700 1401 exercitus,
986 1363 1066 1395 Esto
1091 1371 1280 1395 succurrens
1307 1361 1438 1405 homini,

275 1410 451 1444 Humiliter
480 1409 627 1451 confugio
988 1410 1013 1443 Ο
1039 1410 1186 1451 Raphael
1211 1409 1401 1450 benignitas,

276 1458 396 1491 Salutis
423 1459 597 1492 desiderio.
988 1458 1058 1490 Tua
1081 1466 1133 1490 me
1157 1460 1250 1490 sanat
1274 1457 1401 1490 caritas.

216 1517 249 1548 2.
275 1516 341 1549 Vos
367 1516 448 1548 clari
472 1524 570 1557 super
595 1516 704 1548 sidera
929 1515 961 1547 8.
987 1515 1110 1548 Tobiae
1133 1524 1239 1547 comes
1263 1514 1384 1556 optime

275 1564 331 1596 Me
356 1564 522 1597 sordidum
546 1572 607 1604 per
631 1564 755 1596 scelera
989 1563 1034 1595 Et
1059 1565 1164 1596 custos
1190 1561 1385 1606 fidelissime,

263 1611 395 1655 „Nolite,
423 1621 552 1653 quaeso,
579 1619 732 1652 spernere
984 1611 1039 1643 Me
1065 1610 1177 1644 crebro
1203 1612 1328 1652 lapsum
1354 1611 1443 1651 erige

274 1661 305 1692 A
331 1660 422 1693 vobis
446 1669 507 1693 nec
529 1660 696 1700 repellere.
989 1658 1188 1700 Gressusque
1212 1668 1299 1691 meos
1326 1658 1440 1698 dirige.

216 1718 247 1752 3.
276 1718 301 1751 O
326 1716 480 1759 Michael,
506 1727 587 1759 prae
612 1718 727 1750 ceteris
929 1716 961 1748 9.
990 1718 1043 1750 Ad
1068 1722 1125 1750 tua
1148 1725 1234 1749 nunc
1258 1715 1423 1757 praesidia

275 1768 313 1800 In
339 1775 415 1798 arce
439 1766 566 1808 fulgens
591 1766 742 1806 aetheria
990 1764 1094 1798 Corde
1117 1765 1189 1797 levo
1215 1764 1363 1805 suspiria,

273 1815 358 1847 Meis
382 1815 517 1848 intende
541 1814 703 1854 precibus,
989 1812 1085 1853 Cujus
1110 1813 1189 1844 mihi
1215 1812 1361 1845 custodia

273 1864 321 1897 Ut
344 1863 408 1895 tuis
433 1863 550 1896 instem
574 1862 736 1895 laudibus.
987 1860 1091 1894 Datur
1115 1870 1254 1902 superna
1277 1860 1391 1902 gratia.

215 1922 246 1955 4.
275 1921 424 1955 Paradisi
449 1920 644 1963 praeposite,
907 1918 961 1952 10.
988 1919 1161 1959 Hucusque
1185 1927 1245 1959 per
1271 1918 1413 1951 carnalia

275 1970 396 2003 Christi
420 1970 560 2002 bellator
580 1968 702 2008 inclite,
988 1967 1044 1999 Me
1068 1967 1201 2000 foedans
1228 1965 1390 2000 desideria

273 2018 330 2051 Me
354 2027 483 2059 semper
506 2017 595 2050 muni
621 2016 760 2049 debilem
987 2015 1062 2048 Tibi
1086 2024 1202 2056 parere
1225 2014 1314 2048 nolui

273 2068 310 2100 In
337 2066 462 2099 hostem
486 2064 692 2099 invisibilem.
985 2063 1149 2096 Honorem
1173 2072 1233 2095 nec
1259 2062 1397 2096 exhibui.

215 2126 248 2159 5.
275 2125 300 2158 Ο
329 2123 470 2167 Gabriel,
500 2123 650 2156 coelestia
908 2121 961 2154 11.
988 2122 1062 2155 Jam
1087 2123 1299 2154 revertentem
1325 2120 1455 2160 suscipe

275 2173 335 2213 Qui
360 2172 505 2204 detulisti
529 2171 647 2213 gaudia
726 2167 729 2170 ’
989 2170 1035 2202 Et
1056 2169 1273 2211 poenitentem
1297 2169 1416 2211 recipe,

273 2222 337 2254 Per
361 2220 424 2253 Dei
449 2219 674 2253 fortitudinem
988 2219 1019 2250 A
1045 2217 1138 2251 fauce
1163 2217 1324 2251 diabolica

273 2270 329 2303 Ad
351 2268 513 2301 illibatam
536 2268 706 2310 virginem,
989 2267 1118 2307 Virtute
1141 2275 1255 2307 regens
1281 2266 1409 2298 coelica.

215 2329 246 2361 6.
271 2328 318 2361 Te
343 2326 517 2368 gloriosum
541 2326 705 2367 praedico,
908 2325 962 2359 12.
989 2325 1070 2357 Toto
1095 2324 1210 2356 mentis
1237 2324 1401 2356 conamine

273 2376 320 2410 Ut
343 2384 395 2408 me
420 2374 592 2416 confortes,
619 2374 776 2417 supplico,
987 2373 1108 2406 Precor
1132 2375 1175 2414 te,
1201 2375 1311 2405 sancte
1335 2373 1458 2413 angele,

271 2426 336 2459 Per
360 2427 448 2456 tuam
474 2425 517 2458 da
542 2423 742 2455 clementiam
988 2421 1035 2454 Ut
1058 2424 1112 2454 tuo
1137 2420 1198 2452 sim
1221 2421 1396 2454 munimine

273 2474 400 2506 Maesio
424 2473 506 2506 mihi
526 2472 694 2506 laetitiam.
988 2469 1128 2502 Securus
1152 2473 1186 2501 et
1208 2470 1373 2503 solamine.
