1653 2668
706 146 968 182 —215—

178 242 208 275 9.
236 242 318 282 Ave,
343 249 415 274 mea
438 242 551 283 gloria,

286 290 367 331 Ave,
394 299 451 322 vas
473 290 638 332 virtutum,

235 337 273 370 In
297 337 409 370 mortis
434 339 583 379 angustia

282 386 382 418 Ferte
408 386 488 418 mihi
512 389 649 429 scutum,

872 246 926 279 10.

953 245 1021 278 Fac
1045 254 1116 278 mea
1140 243 1269 277 fallacia

1003 293 1140 326 Satanae
1165 293 1312 335 solutum,

952 341 1078 375 Praebe
1102 341 1146 373 ad
1169 341 1320 374 coelestia

999 390 1067 422 Iter
1093 389 1172 421 mihi
1194 391 1308 422 tutum.

254 451 324 480 Cod.
352 452 382 481 S.
408 452 491 481 Petri
517 452 711 490 Salisburgen
740 455 767 483 b.
798 454 873 483 V111
904 452 928 482 1.
960 464 1036 484 saec.
1063 454 1107 484 15.
1136 456 1171 484 A.
1197 469 1237 474 —
1265 453 1334 482 Coa.
1359 454 1389 482 S.
1418 453 1500 481 Petri

173 490 377 526 Salisbutgen.
405 499 425 518 a
450 491 495 520 VI
519 491 567 520 35.
588 492 621 519 B.
647 507 683 513 -
706 492 787 521 Orat.
806 502 861 521 ms.
881 493 1063 531 Tegurinum
1083 502 1159 522 saec.
1182 492 1228 522 15.
1249 492 1323 521 clm.
1339 493 1503 520 Monaeen.

173 526 283 557 20001.
306 529 338 557 C.
360 543 397 549 υ-
417 529 564 558 Melodie:
586 529 669 558 Costi
689 533 769 568 regis
789 530 861 559 filia.

585 622 647 655 193.
686 623 731 655 De
751 625 862 656 saneta
883 624 1073 658 Katharina.

177 694 208 727 1.
236 695 317 735 Ave,
344 694 446 727 duleis
472 694 665 739 Katharina,
894 697 926 729 6.

236 742 334 783 Virgo
359 746 485 784 martyr
510 746 543 775 et
566 743 687 785 regina,

232 790 370 823 Florens
396 800 471 824 rosa
494 791 565 823 sine
583 791 687 833 spina,

234 838 393 871 Vitiorum
420 839 460 872 de
484 840 611 872 sentina

174 897 206 929 2.
232 897 289 929 Me
315 897 447 938 dignare
472 897 643 931 sublevare
894 899 927 933 7.

229 944 275 977 Et
298 954 319 977 a
342 945 435 977 malis
460 944 610 986 liberare,

233 994 373 1033 Propter
396 996 485 1026 tuam
508 994 690 1034 passionem

234 1041 352 1073 Tutum
376 1050 482 1073 meum
509 1040 562 1074 fao
586 1050 729 1082 agonem.

176 1099 206 1131 3.
235 1099 334 1139 Virgo
359 1100 503 1140 prudens
530 1102 562 1131 et
587 1097 736 1140 formosa,
893 1100 926 1133 8.

234 1146 383 1180 Paradisi
407 1156 545 1180 vernans
570 1156 654 1188 rosa,

234 1194 383 1228 Gloriosa
408 1204 525 1236 sponsa
552 1195 684 1237 Christi,

233 1243 353 1275 Hostes
378 1252 487 1276 omnes
512 1246 548 1275 tu
573 1243 688 1276 vicisti.

174 1301 207 1334 4.
232 1301 332 1342 Apud
359 1300 519 1334 Christum
544 1302 718 1341 impetrato

236 1349 305 1381 Tuo
328 1349 512 1382 interventu
534 1352 635 1393 grato,

233 1397 280 1430 Ut
305 1400 338 1429 et
363 1406 419 1438 ego
443 1405 606 1438 superare,

234 1444 310 1477 Tibi
336 1454 447 1486 queam
474 1454 679 1487 conregnare.

177 1503 208 1535 5.
234 1503 382 1536 Pretiosa
405 1503 592 1547 margarita,

235 1551 273 1584 In
301 1551 432 1584 coelesti
455 1551 570 1583 throno
595 1550 667 1591 sita,

233 1600 375 1632 Thorum
400 1601 490 1632 tenes
514 1601 754 1639 praeparatum,

236 1649 397 1689 Sponsum
419 1647 500 1679 mihi
525 1645 578 1679 fae
600 1647 774 1687 placatum.

871 1503 926 1536 10.

953 697 1032 729 Esto
1056 696 1123 730 fida
1146 697 1320 730 mediatrix

954 744 1109 786 Felixque
1133 745 1371 785 interpellatrix

952 794 1052 834 Apud
1078 793 1249 833 Christum,
1276 793 1329 834 qui
1354 796 1480 825 tuorum

952 841 991 873 In
1014 842 1174 882 pressuris
1200 843 1429 874 tormentorum

953 899 1000 931 Te
1025 898 1208 932 confortans
1234 899 1377 932 visitavit

950 946 994 979 Et
1018 945 1159 979 finaliter
1182 947 1329 980 salvavit.

953 995 1026 1035 Oro,
1053 995 1154 1037 virgo,
1181 994 1313 1028 visitare

953 1042 998 1075 Ut
1024 1043 1164 1083 digneris
1190 1045 1223 1075 et
1243 1043 1358 1082 Juvare

951 1100 1007 1132 Me
1032 1100 1065 1131 in
1088 1099 1296 1132 tribulatione

953 1148 1069 1180 Mundi
1092 1156 1153 1180 neo
1177 1156 1240 1180 non
1265 1148 1298 1180 in
1323 1156 1424 1188 agone

950 1195 996 1228 Et
1019 1195 1121 1236 ipsius
1146 1196 1288 1228 salutare

952 1243 1036 1276 Mihi
1059 1243 1139 1277 velis
1164 1244 1350 1284 impetrare.

892 1301 924 1335 9.
946 1300 1079 1341 Quando
1104 1301 1180 1334 hine
1204 1310 1273 1333 sum
1296 1302 1490 1335 transiturus

949 1349 994 1382 Et
1018 1359 1037 1381 a
1061 1350 1179 1382 mundo
1205 1350 1358 1392 exiturus,

950 1398 1081 1438 Precor,
1108 1398 1198 1439 virgo
1220 1398 1438 1438 praeamanda

951 1446 996 1478 Et
1020 1455 1039 1477 a
1065 1446 1187 1478 cunetis
1212 1446 1407 1486 veneranda,

952 1503 997 1536 Ut
1029 1506 1106 1535 tune
1136 1512 1291 1543 praesens
1315 1511 1384 1536 esse
1408 1502 1499 1540 velis,

952 1551 1105 1584 Inimicus
1130 1560 1170 1583 ne
1196 1551 1335 1584 crudelis

952 1599 1036 1631 Mihi
1061 1602 1157 1640 queat
1178 1600 1336 1632 insultare

953 1647 999 1679 Et
1021 1647 1173 1680 terrendo
1196 1647 1351 1689 fatigare..

554 1706 609 1739 11.
636 1704 702 1738 Sed
724 1706 768 1738 ad
795 1705 891 1737 vitam
915 1707 1127 1745 perventurus

637 1753 762 1787 Possim
787 1753 893 1792 ipsum
920 1753 1116 1786 conditorem

638 1801 856 1842 Contemplari
884 1810 954 1834 cum
978 1801 1081 1834 beatis

638 1850 677 1883 In
704 1852 881 1891 conspeetu
902 1850 1071 1883 trinitatis.

257 1917 327 1946 Cod.
354 1919 384 1946 S.
411 1917 492 1946 Petri
518 1917 721 1954 Salisburgen.
752 1917 782 1945 b.
813 1916 888 1944 VIII
915 1914 940 1943 1.
966 1924 1042 1945 saec..
1072 1914 1115 1943 15.
1144 1916 1179 1943 A.
1206 1929 1245 1934 -—
1272 1914 1341 1943 Ood.
1369 1915 1399 1943 S.
1427 1916 1506 1944 Petri

179 1957 380 1992 Saiisburgen.
402 1964 420 1983 a
437 1957 483 1985 VI
501 1953 548 1984 35.
573 1964 651 1985 saec.
674 1954 719 1984 15.
740 1956 773 1983 B.
796 1971 833 1975 —
853 1955 934 1984 Orat.
953 1964 1007 1983 ms.
1027 1954 1209 1991 Tegurinum
1230 1955 1301 1981 anni
1324 1951 1407 1983 1470.
1432 1954 1505 1982 Cim.

177 1996 331 2025 Monaeen.
353 1992 462 2023 20021.
485 1994 516 2022 C.
537 2010 575 2014 ——
594 1993 629 2029 4,
649 1993 669 2022 4
688 1995 759 2023 Tibi
780 2002 894 2031 quoquc
917 2001 1097 2031 conregnare
1114 1992 1200 2021 ABG.
1220 2007 1259 2011 —
1279 1991 1296 2020 5
1310 2014 1317 2027 ,
1338 1990 1356 2020 3
1376 1994 1505 2022 Tuorum

177 2036 260 2062 tenes
280 2033 340 2062 AB.
367 2048 405 2053 -
425 2032 457 2067 7,
482 2030 500 2062 3
522 2033 546 2061 Ο
566 2035 650 2070 virgo
668 2034 791 2062 visitare
815 2032 875 2061 AB.
896 2047 935 2052 -—
954 2033 986 2067 ὅ,
1018 2030 1033 2060 1
1053 2032 1099 2061 Ne
1120 2032 1152 2059 in
1172 2031 1367 2060 tribulatione
1387 2033 1448 2061 AB.
1473 2050 1482 2053 -

181 2071 223 2110 10,
245 2071 263 2100 2
286 2074 321 2100 ut
339 2070 466 2101 erudelis
487 2071 548 2100 AB.

598 2165 661 2198 194.
700 2166 745 2198 De
765 2166 879 2199 sancta
897 2164 1090 2198 Katharina.

180 2240 210 2274 1.
238 2241 320 2279 Ave,
345 2237 436 2278 virgo
462 2237 617 2279 speciosa,

237 2283 431 2321 Katharina
454 2285 607 2326 pretiosa,

288 2335 375 2368 Costi
400 2334 486 2375 regis
510 2332 588 2375 filia,

240 2384 338 2426 Cujus
363 2383 486 2416 vultum
513 2386 545 2414 et
572 2383 720 2416 decorem

239 2432 431 2474 Concupivit
456 2435 489 2463 et
514 2440 655 2464 amorem

289 2481 417 2514 Cubans
440 2480 527 2513 inter
550 2480 632 2513 mia,

880 2239 911 2271 2.
938 2237 977 2270 In
1002 2239 1108 2269 aetate
1128 2236 1265 2276 juvenili

939 2285 1000 2317 Tui
1027 2285 1133 2318 cordis
1158 2285 1192 2317 in
1217 2284 1315 2316 cubili

987 2334 1056 2366 Deo
1081 2333 1191 2367 fruens
1217 2333 1355 2366 dulciter

935 2382 1018 2423 Ejus
1044 2384 1159 2415 cunata
1182 2391 1242 2423 pro
1266 2390 1375 2416 amore

936 2432 1095 2465 Amorosa
1120 2440 1190 2463 cum
1215 2429 1343 2464 fervore

984 2479 1101 2513 Mundi
1124 2480 1243 2521 spresti
1267 2479 1408 2513 fortiter.
