1653 2668
566 250 623 283 25.
650 251 675 284 O
701 252 822 292 regina,
850 260 943 292 quam
968 253 1100 293 superni

648 298 741 332 Cives
766 299 902 333 laudant
926 303 956 332 et
981 299 1099 333 inferni

695 347 819 380 Tremit
845 347 1051 390 domicilium,

648 394 838 435 splendoris
860 395 982 435 praebe
1005 397 1133 437 paterni

647 442 749 475 Nobis
774 444 879 475 lucem
904 446 937 475 et
960 445 1083 477 aeterni

692 490 850 523 Flaminis
876 492 1034 525 solatium.

647 538 672 571 Ο
697 548 814 572 nomen
841 539 934 571 dulce

693 587 821 620 Mariae
845 587 972 619 tristiae
997 588 1111 621 mulce.

236 638 309 666 Clm.
330 640 495 669 Monacem.
516 639 565 674 (ol.
586 641 813 677 Emmeramen.)
835 640 935 671 14343
957 645 1028 671 anni
1051 642 1133 672 1351.

595 716 642 747 59.
683 717 718 748 In
738 716 957 757 Assumptione
977 716 1064 748 BMV.

180 802 186 808 .
216 774 340 817 Gaude,
368 777 513 810 Christus
539 786 609 808 cum
634 779 754 811 levavit

214 823 262 855 Te
285 824 319 856 in
346 833 442 857 carne
468 826 500 855 et
523 825 642 857 locavit

215 871 320 912 Super
344 874 442 912 astra,
470 872 615 906 obviavit

262 919 347 952 Tota
372 921 454 952 coeli
478 921 578 954 curia.

215 967 337 1010 Gaude,
366 969 455 1009 virgo
480 968 663 1009 singularis,

216 1016 263 1049 Ut
287 1024 367 1056 prae
393 1016 515 1048 cunctis
541 1016 737 1057 sublimaris,

218 1063 271 1095 Sic
297 1067 329 1095 et
356 1064 452 1105 digne
480 1064 554 1104 plus
578 1064 722 1096 laudaris

260 1111 298 1144 In
324 1112 455 1144 coelesti
484 1112 596 1152 gloria.

179 1193 185 1201 .
213 1168 335 1212 Gaude,
363 1170 465 1213 virgo,
492 1178 574 1209 quae
601 1169 716 1201 decore

212 1216 315 1249 Ornas
342 1218 465 1249 coelum
489 1217 570 1248 lucis
595 1226 693 1254 more,

211 1265 310 1298 Velut
336 1268 451 1297 cuncta
474 1265 523 1297 sol
544 1265 719 1305 splendore

262 1312 402 1353 Superat
424 1313 574 1345 lucentia.

216 1359 340 1403 Gaude,
368 1361 417 1393 cui
442 1361 626 1401 augelorum

216 1408 312 1441 Ghori
336 1412 454 1449 parent
478 1411 511 1440 et
532 1411 715 1441 sanctorum

213 1456 258 1489 Ut
285 1457 415 1497 reginae
441 1465 478 1489 ac
504 1459 649 1488 votorum

260 1504 425 1537 Exhibent
449 1504 611 1544 obsequia.

153 1583 183 1594 ..
213 1561 335 1601 Gaude,
366 1562 451 1602 quod
475 1562 524 1594 vis
552 1570 621 1593 esse
645 1563 760 1597 ratum,

211 1609 281 1642 Tuo
305 1612 382 1642 nato
409 1612 515 1642 exstat
540 1612 676 1651 gratum,

212 1658 346 1690 Omnem
366 1661 519 1698 tuumque
548 1660 713 1698 precatum

259 1706 383 1746 Explet
408 1715 479 1738 cum
506 1706 685 1739 clementia.

212 1754 335 1793 Gaude,
362 1755 416 1794 qui
443 1757 475 1786 te
500 1757 704 1793 venerantur,

210 1802 280 1834 Tua
304 1802 402 1835 laude
428 1802 639 1843 delectantur,

208 1850 252 1882 Hi
276 1859 336 1891 per
362 1849 524 1883 Christum
546 1853 755 1882 munerantur

257 1900 295 1931 In
321 1907 461 1939 superna
485 1899 602 1938 patria.

845 779 878 811 4.
906 777 1029 821 Gaude,
1056 787 1177 810 summe
1204 781 1364 819 coronata,

907 825 1019 858 Carnis
1047 826 1174 858 dotibus
1202 829 1327 869 ornata,

906 874 1026 907 Christi
1053 874 1175 907 dextris
1202 874 1334 917 sociata,

953 922 1105 962 Regnans
1130 930 1228 962 super
1253 923 1369 957 omnia.

907 968 1029 1010 Gaude,
1054 978 1181 1011 semper
1206 978 1288 1010 quae
1312 969 1430 1002 frueris

906 1016 966 1049 His
994 1017 1117 1049 deliciis
1142 1017 1289 1060 sinceris,

904 1064 951 1097 Ut
974 1065 1008 1097 in
1033 1074 1146 1098 aevum
1168 1065 1355 1104 J'ucunderis

951 1112 1080 1145 Summa
1106 1121 1177 1145 cum
1203 1113 1337 1146 laetitia.

868 1194 875 1201 .
902 1170 933 1201 A
955 1179 1007 1201 me
1030 1171 1142 1202 mundi
1164 1170 1231 1209 jam
1258 1171 1361 1203 evelle

904 1217 1030 1250 Gaudia
1055 1218 1216 1258 permixta
1240 1216 1326 1260 felle,

902 1265 1003 1298 Immo
1028 1275 1079 1297 me
1102 1269 1231 1298 tuorum
1254 1267 1351 1298 melle

952 1313 1150 1346 Gaudiorum
1175 1314 1267 1346 satia.

903 1361 995 1403 Veni,
1022 1363 1122 1403 virgo,
1152 1361 1194 1393 da
1217 1362 1344 1403 laet-ari,

902 1409 958 1441 Me
977 1410 1011 1442 in
1037 1413 1070 1441 te
1094 1418 1178 1442 nunc
1205 1410 1361 1442 consolari

902 1457 947 1489 Et
969 1458 1003 1489 in
1023 1456 1087 1489 fine
1112 1458 1268 1498 gratulari

950 1505 1020 1537 Tua
1046 1505 1086 1537 de
1111 1506 1304 1546 praesentia.

866 1586 873 1594 .
902 1561 995 1593 Dona
1016 1562 1094 1593 mihi
1119 1565 1151 1594 te
1178 1561 1299 1602 videre,

902 1610 1037 1649 Semper
1059 1610 1121 1642 tibi
1147 1611 1348 1650 congaudere

902 1659 951 1689 Ac
977 1658 1134 1690 laetanter
1154 1658 1323 1697 possidere

950 1705 1123 1738 Beatorum
1144 1706 1298 1747 praemia.

901 1753 996 1794 Ecce,
1022 1754 1082 1786 tibi
1106 1754 1350 1798 congaudemus,

903 1802 928 1834 Ο
953 1802 1071 1842 Maria,
1099 1805 1135 1834 ut
1159 1810 1300 1834 amemus

901 1849 948 1881 Te
971 1850 1005 1881 in
1030 1859 1143 1883 aevum
1171 1853 1201 1881 et
1227 1850 1404 1893 laudemus,

948 1897 1020 1929 Duc
1044 1908 1101 1931 nos
1127 1898 1168 1931 ad
1195 1899 1356 1932 coelestia.

226 1955 307 1983 Orat.
326 1964 381 1983 ms.
400 1954 642 1983 Underdorfense
662 1963 673 1982 s
685 1963 739 1982 aec.
762 1953 808 1983 15,
843 1953 916 1981 Cim.
936 1954 1092 1982 Monacen.
1113 1952 1198 1982 7815..

616 2029 663 2061 60.
705 2029 747 2060 De
770 2027 895 2060 Gaudiis
916 2028 1004 2060 BMV.

174 2117 180 2123 .
209 2091 333 2132 Gaude,
358 2092 499 2124 candens
524 2091 637 2131 lilium,

256 2140 364 2172 Mater
388 2139 529 2181 pietatis,

206 2188 325 2221 Nobile
350 2187 537 2227 triclinium,

254 2236 404 2269 Summae
425 2235 592 2278 trinitatis,

204 2285 334 2328 Forma,
362 2293 437 2325 spes
462 2283 640 2323 humilium,

252 2333 409 2373 Princeps
436 2332 604 2376 castitatis,

206 2382 333 2415 Memor
362 2382 424 2413 mei

202 2431 308 2464 Valde
334 2431 381 2462 rei

253 2479 315 2521 Sis,
338 2478 398 2512 flos
424 2477 567 2520 pietatis.

843 2092 874 2123 2.
904 2090 1028 2132 Gaude,
1054 2090 1213 2131 legislatio

947 2139 1118 2171 Dominam
1145 2141 1177 2170 te
1204 2139 1328 2180 clamat,

901 2186 1113 2227 Humanaque
1137 2186 1220 2219 ratio

950 2236 1209 2276 Praeceptricem
1234 2234 1335 2268 famat

902 2283 990 2327 Nati,
1016 2284 1052 2316 id
1074 2293 1134 2325 quo
1156 2283 1242 2316 natio

947 2331 1073 2365 Fidelis
1097 2333 1265 2377 acclamat,

899 2380 984 2412 Nam
1008 2383 1047 2412 ut
1070 2381 1156 2421 patri

900 2429 1011 2462 Proles
1031 2430 1127 2462 matri

947 2476 1002 2510 Sic
1025 2487 1143 2519 parere
1167 2482 1264 2514 amat.
