1653 2668
732 131 971 167 -48-

197 228 229 259 3.
254 227 337 261 Nam
363 229 404 261 de
427 237 509 269 agno
533 236 615 269 quae
629 230 703 260 sunt
719 231 820 270 gesta,
880 228 911 261 5.
940 227 965 259 O
990 226 1159 266 praeclara
1182 228 1354 265 armatura,

255 275 415 316 Pandunt,
440 276 517 315 quid
540 274 598 308 fiat
623 274 663 307 de
686 277 780 316 testa,
938 274 1002 306 Per
1026 282 1121 314 quam
1145 272 1238 305 Jesus
1256 273 1401 306 Christus
1429 272 1510 305 dura

303 323 390 361 Quae
413 323 458 355 nil
482 322 581 355 habet
604 321 716 362 viride,
988 320 1127 353 Pertulit
1149 320 1183 352 in
1209 330 1352 361 corpore,

255 370 319 402 Sed
345 371 387 402 ad
411 379 525 409 corpus
550 369 598 401 sic
620 370 795 410 plagatum,
939 369 1031 409 Fuga
1055 370 1180 400 nostros
1204 368 1362 410 inimicos,

256 418 319 449 Pro
344 420 377 449 te
401 417 497 449 armis
523 419 697 459 exaratum,
940 416 1009 447 Fac
1032 424 1090 448 nos
1112 415 1216 455 justos
1242 418 1275 447 et
1298 416 1427 455 amicos,

304 464 423 505 Clama,
449 466 543 506 testa,
568 463 695 497 valide:
988 462 1084 496 Nunc
1106 463 1140 494 in
1165 462 1251 495 omni
1274 465 1429 503 tempore.

194 521 226 554 4.
255 523 279 555 O
306 526 341 554 tu
365 523 453 563 Jesu,
479 519 527 553 fili
550 520 623 560 Dei,
882 521 915 555 6.
940 520 1009 552 Fac
1032 530 1090 552 nos
1115 520 1162 551 sic
1185 523 1220 551 te
1243 520 1404 560 speculari

253 569 421 609 Miserere,
447 577 572 609 precor,
598 569 662 600 mei
940 568 986 600 Et
1012 567 1126 600 devote
1150 567 1298 600 venerari

301 617 366 648 Per
385 617 466 648 haec
489 619 546 648 tua
569 615 711 659 vulnera,
991 615 1105 656 Corde,
1132 624 1197 656 ore,
1224 624 1331 656 opere,

253 664 412 696 Miserere
435 663 517 696 sieut
542 666 646 705 pater,
942 662 989 696 Ut
1013 672 1032 694 a
1058 663 1184 696 Christo
1209 662 1376 696 sublimari

253 710 296 743 Ut
322 712 485 743 redemtor
507 714 607 752 utque
631 710 733 743 frater
940 711 986 743 Et
1009 710 1118 743 electis
1142 711 1259 744 sociari

300 757 356 790 Me
381 759 506 791 salvare
527 767 677 799 propera.
990 758 1172 792 Mereamur
1193 767 1343 800 propere.

272 823 340 851 Cod.
365 825 461 852 Palat-
485 824 692 853 Vindobonen.
719 823 767 861 (01.
791 824 939 862 Campen.)
963 822 1019 854 883
1044 833 1120 853 saec.
1142 822 1216 855 ¹4l15.
1236 825 1271 852 A.
1293 839 1329 845 »-
1352 826 1431 853 Orat.
1458 835 1510 854 ms.

192 862 287 890 Palat.
308 862 513 891 Vindobonen.
533 861 610 891 4106
630 872 706 892 saec.
729 862 773 892 15.
794 865 827 892 B.
847 879 884 883 —
906 865 985 893 Orat.
1006 872 1059 892 ms.
1081 872 1156 891 saec.
1179 862 1224 892 15.
1256 862 1325 891 Οοᾱ.
1345 863 1510 892 Londinen.

191 900 278 929 Harl.
298 898 384 929 2445,
405 901 437 929 Ο,
456 917 495 922 —
513 902 540 929 A
561 902 707 930 hemerkt:
733 902 925 931 Innocentius
954 910 1033 939 papa
1050 902 1130 930 hanc
1149 903 1310 930 orationem
1331 905 1510 938 composuit3

194 939 234 966 B:
259 939 301 966 Et
323 940 491 975 praedictus
518 948 597 977 papa
619 940 809 969 Innocentius
837 941 881 969 IV
909 943 1080 978 sequentem
1106 942 1268 969 orationem
1295 943 1461 977 composuit
1480 944 1510 969 et

192 978 326 1005 omnibus
354 987 419 1006 eam
446 978 550 1007 devote
574 979 739 1007 dicentibus
766 982 826 1007 tres
850 988 944 1008 annos
970 979 1174 1017 indulgentiae
1200 980 1353 1007 concessit.
1373 993 1410 997 ——
1433 978 1463 1014 1,
1491 978 1509 1008 3

190 1016 307 1049 Manus,
327 1016 426 1051 pedes,
449 1016 575 1052 dorsum,
596 1017 693 1045 latera
703 1018 738 1045 A.
759 1032 795 1037 -—
819 1016 843 1053 1,
864 1016 885 1045 4
904 1017 1054 1053 Scindunt‚
1075 1020 1202 1053 tangunt
1213 1018 1247 1045 B.
1268 1033 1305 1038 -—
1321 1016 1346 1051 1,
1362 1015 1379 1044 6
1393 1017 1508 1046 Dantur

212 1063 242 1082 er
268 1055 342 1082 haec
365 1057 418 1082 tua
437 1056 470 1083 Β.
490 1070 530 1075 —
548 1053 575 1090 3,
600 1054 613 1083 1
635 1057 711 1084 Nam
738 1057 769 1084 in
796 1065 891 1093 agone
915 1064 991 1093 quae
1018 1056 1056 1092 133
1082 1057 1159 1084 Nam
1186 1064 1294 1093 magna
1318 1064 1395 1092 quae
1415 1056 1447 1084 C.
1468 1072 1506 1076 —

190 1063 217 1126 ἒ,
239 1091 256 1121 5
278 1096 431 1121 exaratum
449 1093 524 1121 fehlt
542 1094 577 1121 A.

647 1206 695 1238 28.
737 1206 782 1238 De
802 1214 916 1238 corona
936 1206 1054 1248 spinea.

409 1285 621 1318 Fructificans
645 1287 727 1318 mira
750 1296 803 1319 res
830 1288 979 1328 candens,
1003 1288 1163 1327 rubraque
1185 1288 1287 1329 nigra,

408 1334 535 1367 Nobilis
559 1336 608 1366 est
631 1335 725 1375 spina
750 1335 870 1368 Christi
892 1344 952 1376 per
975 1336 1121 1376 tempora
1142 1334 1217 1376 fixa,

408 1381 495 1414 Alba
518 1391 628 1414 carens
652 1382 727 1415 labe
750 1392 823 1415 caro
851 1382 1002 1415 delictum
1025 1383 1107 1424 fugit
1130 1383 1232 1416 Adae.

409 1430 520 1462 Passio
548 1430 604 1462 dat
626 1429 737 1462 florem
761 1431 903 1472 rubrum,
929 1440 1015 1463 mors
1039 1432 1132 1471 nigra
1158 1432 1309 1464 dolorem.

409 1477 537 1519 spinea,
565 1477 724 1510 confortes
747 1488 806 1511 nos
832 1478 952 1511 Christi
976 1479 1139 1520 sanguine,
1165 1482 1304 1521 torques,

409 1525 546 1558 Virtutis
571 1535 650 1558 zona
672 1535 729 1558 nos
752 1527 865 1567 spinae
887 1527 978 1567 cinge
1002 1535 1129 1566 corona,

406 1573 458 1605 Ne
482 1577 584 1606 tortus
606 1583 739 1614 serpens
763 1584 821 1606 nos
845 1573 924 1615 figat
946 1575 1081 1607 vulnera
1103 1582 1257 1617 mergens,

406 1621 551 1662 Lotaque
575 1621 640 1654 sint
665 1630 772 1664 caena,
799 1623 878 1656 Jesu
901 1625 938 1654 tu
961 1621 1014 1654 fac
1040 1622 1196 1657 diadema.

266 1686 337 1714 Clm.
362 1687 516 1714 Monacen.
536 1687 585 1722 (ol.
607 1685 824 1723 Caesareensis)
844 1685 929 1716 7943.
949 1696 1024 1715 saec.
1047 1685 1090 1715 13.

611 1797 658 1829 29.
698 1798 742 1829 De
762 1798 931 1839 Sepulchra
954 1796 1080 1829 Christi.

188 1880 218 1912 1.
246 1880 270 1912 Ο
296 1878 499 1918 sepulchrum
524 1879 545 1911 J
548 1886 603 1909 esu
628 1877 757 1921 Christi,
930 1876 1071 1909 Verbum
1095 1876 1158 1909 Dei
1184 1877 1271 1909 carni
1294 1878 1440 1918 junctum

246 1928 297 1960 Tu
320 1926 504 1958 thesaurum
529 1925 721 1963 conclusisti,
930 1926 968 1958 In
991 1927 1024 1955 te
1050 1925 1190 1957 contines
1215 1925 1258 1957 ad
1282 1929 1445 1971 punctum,

246 1975 352 2017 Petra,
378 1976 504 2014 petram
530 1981 611 2013 quae
632 1972 766 2012 vestisti,
932 1972 1093 2006 Christum
1118 1973 1254 2013 suscipit
1275 1973 1468 2019 defunctum,

295 2022 393 2062 Coeli,
418 2024 526 2053 terrae
549 2020 728 2053 Dominum.
977 2020 1179 2062 Largitorem
1204 2021 1333 2061 gloriae.

248 2071 328 2111 Spes
353 2068 502 2110 perennis
527 2068 613 2101 Vitae
635 2069 731 2111 jacet,
873 2078 904 2111 3.
929 2078 982 2110 Ex
1008 2080 1156 2110 contactu
1181 2080 1377 2112 consecraris

242 2118 366 2151 Mundo
391 2119 499 2157 spreto
522 2116 593 2149 Deo
615 2116 732 2157 placet,
930 2125 1050 2158 Christi
1074 2127 1191 2168 carnis,
1213 2129 1250 2159 tu
1274 2128 1391 2171 rigaris

244 2166 339 2199 Nube
362 2167 464 2206 tonat,
489 2166 592 2196 morte
615 2166 704 2195 tacet
929 2173 1027 2206 Sacro
1052 2175 1216 2216 sanguine,
1242 2175 1348 2209 bearis

291 2213 431 2246 Mortem
456 2212 606 2245 mordens
631 2211 804 2244 hominum.
976 2221 1088 2254 Tantis
1112 2223 1301 2265 privilegiis·

185 2275 217 2308 2.
243 2273 281 2305 In
307 2273 339 2302 te
365 2272 490 2303 clausus
515 2269 625 2303 orbem
648 2269 741 2310 regit,
933 2269 1014 2301 Vere
1038 2270 1149 2303 tumba
1173 2274 1209 2303 tu
1231 2273 1410 2313 praeclara,

243 2320 391 2353 Mortuus
415 2328 514 2359 regna
538 2317 664 2359 subegit
930 2317 1028 2351 Sacer
1052 2319 1151 2359 loom,
1178 2319 1256 2353 felix
1280 2330 1347 2360 ara,

242 2368 288 2402 Et
310 2366 438 2400 inferna}
463 2368 603 2400 claustra
627 2365 725 2407 fregit
928 2366 1015 2398 Mira
1039 2367 1166 2409 pandis,
1193 2367 1273 2401 fanis
1298 2378 1383 2412 rara,

292 2415 438 2449 Christus
462 2425 520 2448 rex
543 2414 707 2450 victoriae.
974 2414 1112 2457 Hymnis
1138 2416 1235 2459 digna
1259 2417 1365 2460 regiis.
