1653 2668
538 491 601 523 129.
640 492 770 525 Litania
788 492 930 525 Omnium
953 494 1145 526 Sanctorum.

177 563 206 595 1.
235 563 364 596 Summe
389 565 493 603 pater,
520 566 632 596 sancte
656 565 753 607 Deus,

233 611 330 643 Nunc
350 614 382 643 te
407 620 524 651 precor
550 621 607 654 ego
633 622 717 652 reue,

236 659 293 692 Pie
319 659 381 692 mei
407 660 570 705 miserere,

237 707 281 740 Ut
308 708 404 749 digne
429 716 543 748 queam
568 707 696 748 deflere,

282 755 374 794 Quod
400 756 541 788 commisi
566 757 722 796 nequiter.

234 803 270 836 Si
293 804 353 844 viS,
378 807 471 843 potes
496 813 548 835 me
572 805 740 844 mundare,

235 852 311 885 Sine
335 854 368 884 te
392 861 455 884 non
481 860 610 892 possum
637 855 724 884 stare

234 900 299 932 Sed
323 908 426 939 neque
451 900 493 932 ad
519 903 552 932 te
576 901 727 943 transire,

232 947 303 980 Nisi
330 947 408 980 mihi
433 947 606 980 subvenire

284 995 436 1037 Digneris
464 996 622 1028 celeriter.

173 1056 206 1089 2.
234 1054 311 1086 Jesu
337 1053 474 1095 Christe,
501 1054 635 1086 verbum
660 1054 774 1096 patris,

232 1101 292 1141 Qui
319 1110 446 1134 carnem
474 1101 514 1134 de
541 1110 636 1134 carne
661 1102 774 1134 matris

231 1150 336 1183 Homo
362 1148 466 1182 factus
491 1149 626 1182 induisti

231 1199 340 1238 Atque
364 1201 499 1238 propter
523 1207 582 1230 nos
608 1198 704 1230 obisti

282 1245 393 1278 Urucis
418 1246 451 1278 in
476 1246 631 1287 patibulo,

231 1294 330 1335 Tuae,
359 1302 486 1336 precor,
511 1303 634 1326 memor
658 1295 770 1326 mortis

233 1342 319 1375 Mihi
341 1343 385 1375 sis
411 1342 543 1382 adjutor
568 1341 661 1375 fortis

231 1391 282 1423 Ac
308 1391 391 1422 dono
416 1393 491 1422 tuae
515 1391 645 1422 virtutis

231 1440 356 1471 Auctor
380 1446 472 1471 meae
495 1438 539 1470 sis
565 1438 677 1471 salutis

267 1486 305 1520 In
332 1486 418 1519 omni
439 1486 594 1527 periculo.

173 1548 205 1580 3.
231 1544 473 1584 Amborumque
505 1552 645 1584 pneuma
669 1552 805 1585 sacrum,

231 1593 312 1626 Esto
333 1592 412 1625 mihi
437 1600 522 1624 nunc
546 1592 722 1633 lavacrum,

233 1642 445 1675 Peccatorum
469 1640 583 1672 sordes
607 1640 767 1673 mundans

230 1690 339 1729 Atque
363 1697 468 1720 meum
496 1696 551 1720 cor
576 1687 753 1722 fecundans

280 1736 429 1777 Spiritali
453 1737 568 1778 gratia.

232 1786 267 1819 Si
292 1794 343 1817 me
368 1786 467 1829 laves,
495 1794 568 1817 mox
594 1784 785 1826 mundabor,

231 1834 306 1868 Nisi
331 1842 436 1874 saneS,
462 1842 527 1866 non
552 1833 701 1874 sanabor,

230 1883 264 1916 Si
290 1892 352 1915 non
382 1882 482 1914 donas
507 1890 559 1913 me
583 1882 749 1925 mundare,

228 1931 454 1972 Nequidquam
477 1939 607 1972 possum
632 1930 767 1964 laudare

277 1979 383 2013 Deum
408 1988 479 2011 cum
504 1977 633 2013 fiducia.

169 2041 201 2075 4.
227 2039 287 2080 Tu,
316 2038 370 2079 qui
396 2037 500 2069 trinus
524 2037 558 2069 in
583 2036 741 2078 personis,

229 2087 395 2121 Indivisus
423 2094 456 2118 es
481 2086 515 2118 in
543 2085 645 2126 donis,

228 2136 319 2170 Unus
344 2144 378 2167 es
403 2134 437 2166 in
465 2133 594 2176 deitate,

229 2184 319 2217 Deus
343 2185 449 2227 pater,
476 2180 604 2223 flamen,
631 2185 716 2223 nate,

277 2233 368 2266 Unus
391 2231 425 2263 in
451 2229 641 2272 substantia,

223 2281 346 2315 Mentis
372 2288 463 2312 meae
486 2280 680 2321 pravitatem

226 2331 354 2373 Regens
382 2328 445 2362 duc
469 2328 512 2361 ad
537 2327 706 2361 veritatem

226 2378 334 2420 Fidei,
361 2377 442 2419 spei,
469 2377 597 2420 amoris,

227 2428 344 2461 Totum
371 2435 423 2458 me
449 2425 596 2459 coelestis
623 2426 706 2458 roris

300 2476 445 2517 Replens
470 2475 679 2509 abundantia.

869 568 899 599 Γ).

866 1546 899 1577 7.

928 566 952 599 O
978 565 1096 607 Maria,
1123 567 1217 598 stella
1241 565 1350 606 maris,

924 615 1024 655 Virgo
1045 616 1149 646 mater
1173 613 1353 655 singularis,

928 661 1100 702 Speculum
1126 662 1320 703 virginitatis

928 709 974 742 Et
997 711 1095 742 totius
1120 710 1274 742 trinitatis

973 757 1092 790 Nobile
1116 758 1311 798 triclinium;

924 805 990 838 Ora
1012 815 1072 846 pro
1097 814 1157 849 mc,
1182 806 1273 846 virgo
1297 806 1362 847 pia,

925 852 972 885 Ut
995 853 1028 885 in
1054 854 1147 894 huJus
1170 855 1256 886 vitae
1280 854 1334 886 via

923 901 1150 935 Conversando
1176 903 1223 934 sic
1246 901 1405 942 incedam,

926 949 973 982 Ut
996 958 1059 981 non
1085 950 1226 982 incidam
1249 950 1281 981 in
1306 950 1460 990 praedam

971 996 1127 1029 Hostibus
1153 996 1306 1032 fidelium.

926 1053 1023 1087 Chori
1048 1063 1160 1087 novem
1187 1056 1381 1095 angelorum,

924 1102 962 1134 In
988 1101 1065 1134 Sion
1090 1101 1193 1135 Deum
1220 1103 1350 1135 deorum

925 1149 1178 1190 Contemplando
1204 1151 1257 1190 qui
1282 1151 1399 1183 videtis

922 1197 968 1229 Et
990 1199 1023 1230 in
1050 1199 1117 1238 eJ'uS
1138 1198 1343 1240 congaudetis

972 1246 1099 1286 Jugiter
1123 1247 1317 1290 praesentia,

923 1294 1043 1334 Ipsum,
1069 1303 1195 1335 precor,
1222 1296 1363 1334 exorate,

925 1342 970 1375 Ut
994 1351 1053 1383 pro
1079 1351 1137 1374 sua
1162 1343 1283 1383 pietate

923 1391 962 1423 In
986 1399 1037 1422 me
1061 1391 1157 1431 lavet,
1193 1390 1350 1431 quidquid
1375 1390 1494 1431 sordet,

924 1438 969 1471 Et
993 1439 1147 1481 remittat,
1170 1439 1256 1479 quod
1279 1439 1453 1472 remordet.

971 1486 1111 1519 Tristem
1138 1487 1342 1519 conscientia.

925 1544 1099 1585 Johannes,
1123 1543 1267 1584 baptista
1292 1543 1422 1586 Christi,

925 1592 985 1631 Qui
1009 1601 1119 1624 vocem
1144 1592 1247 1632 patris
1271 1592 1401 1633 audisti,

923 1640 970 1673 Ut
992 1640 1105 1673 vidisti
1131 1640 1378 1673 descendentem

927 1688 1083 1729 Spiritum
1110 1688 1197 1720 clare
1221 1689 1376 1721 nitentem

971 1738 1010 1770 In
1036 1736 1201 1769 columbae
1221 1738 1340 1777 specie,

924 1784 1034 1825 Ipsum
1060 1793 1117 1818 ora
1141 1784 1349 1826 baptizatum,

922 1834 969 1867 Ut
992 1832 1133 1874 peccatis
1159 1833 1363 1866 emundatum

923 1881 980 1914 Me
1003 1884 1078 1922 post
1102 1881 1311 1924 temporalem
1332 1884 1466 1914 mortem

926 1930 1009 1962 Esse
1033 1928 1133 1963 faciat
1159 1932 1337 1963 consortem

975 1978 1129 2011 Coelestis
1153 1978 1305 2011 laetitiae.

889 2062 896 2069 .
924 2036 949 2069 O
975 2044 1031 2069 vos
1057 2044 1207 2076 proceres
1232 2035 1282 2068 bis
1307 2037 1385 2081 seni,

925 2084 1071 2127 S1)iritali
1096 2087 1200 2117 musto
1223 2085 1320 2129 pleni,

923 2133 1040 2176 Signis,
1069 2131 1163 2166 factis
1190 2137 1220 2165 et
1247 2133 1395 2167 doctrina

923 2180 1130 2214 Sacramenta
1155 2182 1209 2222 qui
1236 2181 1345 2215 divina

971 2229 1134 2263 Edidistis
1159 2230 1271 2270 libere,

923 2279 988 2311 Pro
1013 2287 1064 2310 me
1089 2278 1174 2311 ferte
1197 2287 1311 2320 preces
1333 2279 1396 2322 pie,

921 2326 959 2359 In
984 2327 1043 2360 illa
1067 2328 1235 2361 tremenda
1261 2328 1313 2361 die

923 2375 1056 2416 Quando
1079 2376 1180 2416 judex
1206 2379 1255 2409 est
1277 2379 1429 2411 venturus

921 2425 999 2457 Pius
1024 2424 1128 2466 bonis,
1154 2425 1249 2458 malis
1276 2426 1385 2467 durus,

969 2475 1062 2508 Justo
1087 2474 1230 2508 reddens
1253 2484 1396 2510 munere.
