<?xml version="1.0" encoding="UTF-8"?>
<!DOCTYPE html PUBLIC "-//W3C//DTD XHTML 1.0 Transitional//EN"
    "http://www.w3.org/TR/xhtml1/DTD/xhtml1-transitional.dtd">
<html xmlns="http://www.w3.org/1999/xhtml" xml:lang="en" lang="en">
 <head>
  <title>
</title>
<meta http-equiv="Content-Type" content="text/html;charset=utf-8" />
  <meta name='ocr-system' content='tesseract 3.04.00' />
  <meta name='ocr-capabilities' content='ocr_page ocr_carea ocr_par ocr_line ocrx_word'/>
</head>
<body>
  <div class='ocr_page' id='page_1' title='image "./analectahymnica15drevuoft_00079.png"; bbox 0 0 1653 2668; ppageno 0'>
   <div class='ocr_carea' id='block_1_1' title="bbox 716 146 951 180">
    <p class='ocr_par' dir='ltr' id='par_1_1' title="bbox 716 146 951 180">
     <span class='ocr_line' id='line_1_1' title="bbox 716 146 951 180; baseline 0.017 -11"><span class='ocrx_word' id='word_1_1' title='bbox 716 146 951 180; x_wconf 73' lang='lat'>—76-..</span> 
     </span>
    </p>
   </div>
   <div class='ocr_carea' id='block_1_2' title="bbox 186 238 1495 393">
    <p class='ocr_par' dir='ltr' id='par_1_2' title="bbox 186 238 1495 393">
     <span class='ocr_line' id='line_1_2' title="bbox 262 238 1492 279; baseline -0.005 -7"><span class='ocrx_word' id='word_1_2' title='bbox 262 244 331 272; x_wconf 80' lang='lat' dir='ltr'><strong>God.</strong></span> <span class='ocrx_word' id='word_1_3' title='bbox 353 243 556 279; x_wconf 76' lang='lat' dir='ltr'><strong>Cantabrigen.</strong></span> <span class='ocrx_word' id='word_1_4' title='bbox 577 242 615 269; x_wconf 75' lang='lat' dir='ltr'><strong>Ff</strong></span> <span class='ocrx_word' id='word_1_5' title='bbox 630 242 673 269; x_wconf 83' lang='lat' dir='ltr'>VI.</span> <span class='ocrx_word' id='word_1_6' title='bbox 697 240 739 269; x_wconf 85' lang='lat'><strong>14.</strong></span> <span class='ocrx_word' id='word_1_7' title='bbox 768 251 843 269; x_wconf 79' lang='lat' dir='ltr'><strong>saec.</strong></span> <span class='ocrx_word' id='word_1_8' title='bbox 868 240 910 270; x_wconf 81' lang='lat'><strong>13.</strong></span> <span class='ocrx_word' id='word_1_9' title='bbox 930 243 964 269; x_wconf 88' lang='lat' dir='ltr'><strong>A.</strong></span> <span class='ocrx_word' id='word_1_10' title='bbox 993 256 1029 259; x_wconf 97' lang='lat'><strong>—</strong></span> <span class='ocrx_word' id='word_1_11' title='bbox 1057 240 1136 268; x_wconf 85' lang='lat' dir='ltr'><strong>Orat.</strong></span> <span class='ocrx_word' id='word_1_12' title='bbox 1150 248 1203 267; x_wconf 89' lang='lat' dir='ltr'><strong>ms.</strong></span> <span class='ocrx_word' id='word_1_13' title='bbox 1223 239 1346 275; x_wconf 79' lang='lat' dir='ltr'><strong>Majoris</strong></span> <span class='ocrx_word' id='word_1_14' title='bbox 1368 238 1492 267; x_wconf 70' lang='lat' dir='ltr'><strong>Gai-thu-</strong></span> 
     </span>
     <span class='ocr_line' id='line_1_3' title="bbox 186 274 1492 315; baseline -0.005 -5"><span class='ocrx_word' id='word_1_15' title='bbox 186 282 249 310; x_wconf 77' lang='lat' dir='ltr'><strong>siae</strong></span> <span class='ocrx_word' id='word_1_16' title='bbox 274 290 350 310; x_wconf 85' lang='lat' dir='ltr'><strong>saec.</strong></span> <span class='ocrx_word' id='word_1_17' title='bbox 376 279 450 310; x_wconf 74' lang='lat' dir='ltr'><strong>1⁴l15.</strong></span> <span class='ocrx_word' id='word_1_18' title='bbox 471 280 541 308; x_wconf 76' lang='lat' dir='ltr'><strong>God.</strong></span> <span class='ocrx_word' id='word_1_19' title='bbox 560 280 826 315; x_wconf 80' lang='lat' dir='ltr'><strong>Gratianopolitan.</strong></span> <span class='ocrx_word' id='word_1_20' title='bbox 849 277 911 307; x_wconf 83' lang='lat'>181.</span> <span class='ocrx_word' id='word_1_21' title='bbox 931 280 965 307; x_wconf 91' lang='lat' dir='ltr'>B.</span> <span class='ocrx_word' id='word_1_22' title='bbox 985 294 1023 298; x_wconf 94' lang='lat'><strong>—-</strong></span> <span class='ocrx_word' id='word_1_23' title='bbox 1045 276 1070 313; x_wconf 82' lang='lat'><strong>1,</strong></span> <span class='ocrx_word' id='word_1_24' title='bbox 1089 275 1109 305; x_wconf 90' lang='lat'>4</span> <span class='ocrx_word' id='word_1_25' title='bbox 1129 277 1218 306; x_wconf 87' lang='lat' dir='ltr'><strong>Salve</strong></span> <span class='ocrx_word' id='word_1_26' title='bbox 1235 277 1310 306; x_wconf 84' lang='lat' dir='ltr'><strong>fehlt</strong></span> <span class='ocrx_word' id='word_1_27' title='bbox 1321 277 1354 306; x_wconf 82' lang='lat' dir='ltr'>A.</span> <span class='ocrx_word' id='word_1_28' title='bbox 1373 293 1413 298; x_wconf 89' lang='lat'>—</span> <span class='ocrx_word' id='word_1_29' title='bbox 1433 274 1460 310; x_wconf 84' lang='lat'><strong>2,</strong></span> <span class='ocrx_word' id='word_1_30' title='bbox 1477 274 1492 303; x_wconf 90' lang='lat'>1</span> 
     </span>
     <span class='ocr_line' id='line_1_4' title="bbox 187 314 1495 354; baseline -0.005 -6"><span class='ocrx_word' id='word_1_31' title='bbox 187 319 276 348; x_wconf 73' lang='lat' dir='ltr'><strong>Salve</strong></span> <span class='ocrx_word' id='word_1_32' title='bbox 301 320 335 348; x_wconf 88' lang='lat' dir='ltr'><strong>A.</strong></span> <span class='ocrx_word' id='word_1_33' title='bbox 362 336 398 340; x_wconf 91' lang='lat'><strong>—</strong></span> <span class='ocrx_word' id='word_1_34' title='bbox 428 317 461 353; x_wconf 83' lang='lat'><strong>8,</strong></span> <span class='ocrx_word' id='word_1_35' title='bbox 487 317 507 346; x_wconf 82' lang='lat'>4</span> <span class='ocrx_word' id='word_1_36' title='bbox 531 318 579 346; x_wconf 84' lang='lat' dir='ltr'><strong>lac</strong></span> <span class='ocrx_word' id='word_1_37' title='bbox 602 319 634 345; x_wconf 89' lang='lat' dir='ltr'><strong>in</strong></span> <span class='ocrx_word' id='word_1_38' title='bbox 658 319 774 354; x_wconf 81' lang='lat' dir='ltr'><strong>virgine</strong></span> <span class='ocrx_word' id='word_1_39' title='bbox 800 319 833 346; x_wconf 88' lang='lat' dir='ltr'>B.</span> <span class='ocrx_word' id='word_1_40' title='bbox 854 333 892 336; x_wconf 97' lang='lat'><strong>—</strong></span> <span class='ocrx_word' id='word_1_41' title='bbox 912 316 942 351; x_wconf 83' lang='lat'><strong>9,</strong></span> <span class='ocrx_word' id='word_1_42' title='bbox 967 315 985 345; x_wconf 87' lang='lat'>3</span> <span class='ocrx_word' id='word_1_43' title='bbox 1010 318 1090 345; x_wconf 81' lang='lat' dir='ltr'><strong>laeta</strong></span> <span class='ocrx_word' id='word_1_44' title='bbox 1116 316 1174 343; x_wconf 89' lang='lat' dir='ltr'><strong>leto</strong></span> <span class='ocrx_word' id='word_1_45' title='bbox 1195 316 1229 343; x_wconf 93' lang='lat' dir='ltr'><strong>A.</strong></span> <span class='ocrx_word' id='word_1_46' title='bbox 1252 331 1288 335; x_wconf 89' lang='lat'>—</span> <span class='ocrx_word' id='word_1_47' title='bbox 1310 314 1354 348; x_wconf 82' lang='lat'><strong>11,</strong></span> <span class='ocrx_word' id='word_1_48' title='bbox 1383 314 1401 343; x_wconf 83' lang='lat'>2</span> <span class='ocrx_word' id='word_1_49' title='bbox 1421 315 1495 343; x_wconf 82' lang='lat' dir='ltr'>fehlt</span> 
     </span>
     <span class='ocr_line' id='line_1_5' title="bbox 186 352 1443 393; baseline -0.004 -7"><span class='ocrx_word' id='word_1_50' title='bbox 186 358 221 386; x_wconf 87' lang='lat' dir='ltr'><strong>A.</strong></span> <span class='ocrx_word' id='word_1_51' title='bbox 241 373 280 379; x_wconf 94' lang='lat'>—</span> <span class='ocrx_word' id='word_1_52' title='bbox 301 357 345 393; x_wconf 88' lang='lat'><strong>11,</strong></span> <span class='ocrx_word' id='word_1_53' title='bbox 365 356 383 387; x_wconf 88' lang='lat'><strong>3</strong></span> <span class='ocrx_word' id='word_1_54' title='bbox 401 356 490 384; x_wconf 82' lang='lat' dir='ltr'><strong>Salve</strong></span> <span class='ocrx_word' id='word_1_55' title='bbox 508 365 622 384; x_wconf 83' lang='lat' dir='ltr'><strong>sacrum</strong></span> <span class='ocrx_word' id='word_1_56' title='bbox 641 357 681 392; x_wconf 91' lang='lat' dir='ltr'><strong>B;</strong></span> <span class='ocrx_word' id='word_1_57' title='bbox 702 359 799 384; x_wconf 84' lang='lat' dir='ltr'><strong>satum</strong></span> <span class='ocrx_word' id='word_1_58' title='bbox 819 358 981 384; x_wconf 83' lang='lat' dir='ltr'><strong>aromatum</strong></span> <span class='ocrx_word' id='word_1_59' title='bbox 1000 356 1035 383; x_wconf 93' lang='lat' dir='ltr'><strong>A.</strong></span> <span class='ocrx_word' id='word_1_60' title='bbox 1056 369 1093 375; x_wconf 88' lang='lat'><strong>—-</strong></span> <span class='ocrx_word' id='word_1_61' title='bbox 1116 352 1158 388; x_wconf 80' lang='lat'><strong>12,</strong></span> <span class='ocrx_word' id='word_1_62' title='bbox 1182 352 1197 381; x_wconf 87' lang='grc'><strong>1</strong></span> <span class='ocrx_word' id='word_1_63' title='bbox 1217 355 1282 382; x_wconf 88' lang='lat' dir='ltr'><strong>Ave</strong></span> <span class='ocrx_word' id='word_1_64' title='bbox 1300 355 1389 391; x_wconf 85' lang='lat' dir='ltr'><strong>plena</strong></span> <span class='ocrx_word' id='word_1_65' title='bbox 1408 354 1443 381; x_wconf 89' lang='lat' dir='ltr'><strong>A.</strong></span> 
     </span>
    </p>
   </div>
   <div class='ocr_carea' id='block_1_3' title="bbox 603 457 1078 499">
    <p class='ocr_par' dir='ltr' id='par_1_3' title="bbox 603 457 1078 499">
     <span class='ocr_line' id='line_1_6' title="bbox 603 457 1078 499; baseline -0.002 -10"><span class='ocrx_word' id='word_1_66' title='bbox 603 458 651 489; x_wconf 85' lang='lat'>54.</span> <span class='ocrx_word' id='word_1_67' title='bbox 691 459 735 490; x_wconf 91' lang='lat' dir='ltr'><strong>De</strong></span> <span class='ocrx_word' id='word_1_68' title='bbox 756 458 970 499; x_wconf 78' lang='lat' dir='ltr'><strong>compassione</strong></span> <span class='ocrx_word' id='word_1_69' title='bbox 990 457 1078 489; x_wconf 78' lang='lat' dir='ltr'>BMV.</span> 
     </span>
    </p>
   </div>
   <div class='ocr_carea' id='block_1_4' title="bbox 187 528 737 911">
    <p class='ocr_par' dir='ltr' id='par_1_4' title="bbox 190 528 737 658">
     <span class='ocr_line' id='line_1_7' title="bbox 190 528 737 569; baseline -0.011 -4"><span class='ocrx_word' id='word_1_70' title='bbox 190 532 221 565; x_wconf 86' lang='lat'><strong>1.</strong></span> <span class='ocrx_word' id='word_1_71' title='bbox 246 532 333 563; x_wconf 88' lang='lat' dir='ltr'><strong>Ante</strong></span> <span class='ocrx_word' id='word_1_72' title='bbox 358 537 481 562; x_wconf 84' lang='lat' dir='ltr'><strong>crucem</strong></span> <span class='ocrx_word' id='word_1_73' title='bbox 508 528 595 569; x_wconf 87' lang='lat' dir='ltr'><strong>virgo</strong></span> <span class='ocrx_word' id='word_1_74' title='bbox 620 529 737 568; x_wconf 86' lang='lat' dir='ltr'><strong>stabat,</strong></span> 
     </span>
     <span class='ocr_line' id='line_1_8' title="bbox 245 576 708 616; baseline -0.011 -5"><span class='ocrx_word' id='word_1_75' title='bbox 245 579 367 612; x_wconf 86' lang='lat' dir='ltr'><strong>Poenas</strong></span> <span class='ocrx_word' id='word_1_76' title='bbox 395 576 513 610; x_wconf 84' lang='lat' dir='ltr'>Christi</span> <span class='ocrx_word' id='word_1_77' title='bbox 539 576 708 616; x_wconf 80' lang='lat' dir='ltr'><strong>cogitabat,</strong></span> 
     </span>
     <span class='ocr_line' id='line_1_9' title="bbox 245 623 619 658; baseline -0.011 0"><span class='ocrx_word' id='word_1_78' title='bbox 245 627 359 658; x_wconf 86' lang='lat' dir='ltr'><strong>Totam</strong></span> <span class='ocrx_word' id='word_1_79' title='bbox 383 632 418 656; x_wconf 87' lang='lat' dir='ltr'><strong>se</strong></span> <span class='ocrx_word' id='word_1_80' title='bbox 443 623 619 655; x_wconf 76' lang='lat' dir='ltr'>dilaniabat</span> 
     </span>
    </p>

    <p class='ocr_par' dir='ltr' id='par_1_5' title="bbox 292 671 737 704">
     <span class='ocr_line' id='line_1_10' title="bbox 292 671 737 704; baseline 0 0"><span class='ocrx_word' id='word_1_81' title='bbox 292 672 417 704; x_wconf 89' lang='lat' dir='ltr'><strong>Vultum</strong></span> <span class='ocrx_word' id='word_1_82' title='bbox 443 671 553 703; x_wconf 89' lang='lat' dir='ltr'><strong>lavant</strong></span> <span class='ocrx_word' id='word_1_83' title='bbox 576 671 737 704; x_wconf 81' lang='lat' dir='ltr'>lacrimae.</span> 
     </span>
    </p>

    <p class='ocr_par' dir='ltr' id='par_1_6' title="bbox 187 727 730 864">
     <span class='ocr_line' id='line_1_11' title="bbox 187 727 711 768; baseline -0.006 -6"><span class='ocrx_word' id='word_1_84' title='bbox 187 731 218 763; x_wconf 82' lang='lat'><strong>2.</strong></span> <span class='ocrx_word' id='word_1_85' title='bbox 244 728 332 761; x_wconf 88' lang='lat' dir='ltr'><strong>Dicit</strong></span> <span class='ocrx_word' id='word_1_86' title='bbox 355 730 462 768; x_wconf 84' lang='lat' dir='ltr'><strong>virgo:</strong></span> <span class='ocrx_word' id='word_1_87' title='bbox 490 728 572 767; x_wconf 78' lang='lat' dir='ltr'><strong>Quid</strong></span> <span class='ocrx_word' id='word_1_88' title='bbox 597 727 711 768; x_wconf 84' lang='lat' dir='ltr'><strong>fecisti,</strong></span> 
     </span>
     <span class='ocr_line' id='line_1_12' title="bbox 244 776 730 817; baseline -0.002 -9"><span class='ocrx_word' id='word_1_89' title='bbox 244 777 336 817; x_wconf 78' lang='lat' dir='ltr'><strong>Quod</strong></span> <span class='ocrx_word' id='word_1_90' title='bbox 362 776 511 809; x_wconf 86' lang='lat' dir='ltr'><strong>delictum</strong></span> <span class='ocrx_word' id='word_1_91' title='bbox 539 776 730 816; x_wconf 80' lang='lat' dir='ltr'><strong>commisisti,</strong></span> 
     </span>
     <span class='ocr_line' id='line_1_13' title="bbox 244 822 721 864; baseline -0.004 -7"><span class='ocrx_word' id='word_1_92' title='bbox 244 825 349 864; x_wconf 81' lang='lat' dir='ltr'><strong>Quare</strong></span> <span class='ocrx_word' id='word_1_93' title='bbox 374 831 497 856; x_wconf 87' lang='lat' dir='ltr'><strong>crucem</strong></span> <span class='ocrx_word' id='word_1_94' title='bbox 523 822 721 855; x_wconf 79' lang='lat' dir='ltr'><strong>ascendisti?</strong></span> 
     </span>
    </p>

    <p class='ocr_par' dir='ltr' id='par_1_7' title="bbox 290 871 688 911">
     <span class='ocr_line' id='line_1_14' title="bbox 290 871 688 911; baseline -0.005 -7"><span class='ocrx_word' id='word_1_95' title='bbox 290 871 347 904; x_wconf 85' lang='lat' dir='ltr'><strong>Me</strong></span> <span class='ocrx_word' id='word_1_96' title='bbox 371 871 529 904; x_wconf 86' lang='lat' dir='ltr'><strong>dolentem</strong></span> <span class='ocrx_word' id='word_1_97' title='bbox 554 872 688 911; x_wconf 84' lang='lat' dir='ltr'><strong>respice.</strong></span> 
     </span>
    </p>
   </div>
   <div class='ocr_carea' id='block_1_5' title="bbox 186 927 714 1015">
    <p class='ocr_par' dir='ltr' id='par_1_8' title="bbox 186 927 714 1015">
     <span class='ocr_line' id='line_1_15' title="bbox 186 927 714 969; baseline -0.002 -8"><span class='ocrx_word' id='word_1_98' title='bbox 186 931 216 962; x_wconf 89' lang='lat'>3.</span> <span class='ocrx_word' id='word_1_99' title='bbox 242 928 317 968; x_wconf 73' lang='lat' dir='ltr'><strong>Vos,</strong></span> <span class='ocrx_word' id='word_1_100' title='bbox 341 927 465 969; x_wconf 87' lang='lat' dir='ltr'><strong>Judaei,</strong></span> <span class='ocrx_word' id='word_1_101' title='bbox 491 936 551 967; x_wconf 89' lang='lat' dir='ltr'><strong>per</strong></span> <span class='ocrx_word' id='word_1_102' title='bbox 574 937 714 960; x_wconf 88' lang='lat' dir='ltr'><strong>errorem</strong></span> 
     </span>
     <span class='ocr_line' id='line_1_16' title="bbox 245 976 683 1015; baseline -0.002 -7"><span class='ocrx_word' id='word_1_103' title='bbox 245 976 414 1008; x_wconf 82' lang='lat' dir='ltr'><strong>Occidistis</strong></span> <span class='ocrx_word' id='word_1_104' title='bbox 438 976 683 1015; x_wconf 73' lang='lat' dir='ltr'><strong>redemptorem,</strong></span> 
     </span>
    </p>
   </div>
   <div class='ocr_carea' id='block_1_6' title="bbox 246 1023 800 1062">
    <p class='ocr_par' dir='ltr' id='par_1_9' title="bbox 246 1023 800 1062">
     <span class='ocr_line' id='line_1_17' title="bbox 246 1023 800 1062; baseline 0 -7"><span class='ocrx_word' id='word_1_105' title='bbox 246 1023 402 1055; x_wconf 86' lang='lat' dir='ltr'><strong>Mundum</strong></span> <span class='ocrx_word' id='word_1_106' title='bbox 428 1023 554 1055; x_wconf 84' lang='lat' dir='ltr'><strong>salvans</strong></span> <span class='ocrx_word' id='word_1_107' title='bbox 579 1031 638 1062; x_wconf 89' lang='lat' dir='ltr'><strong>per</strong></span> <span class='ocrx_word' id='word_1_108' title='bbox 662 1032 800 1055; x_wconf 82' lang='lat' dir='ltr'><strong>amorem</strong></span> 
     </span>
    </p>
   </div>
   <div class='ocr_carea' id='block_1_7' title="bbox 293 1071 615 1110">
    <p class='ocr_par' dir='ltr' id='par_1_10' title="bbox 293 1071 615 1110">
     <span class='ocr_line' id='line_1_18' title="bbox 293 1071 615 1110; baseline 0.003 -7"><span class='ocrx_word' id='word_1_109' title='bbox 293 1071 358 1103; x_wconf 88' lang='lat' dir='ltr'><strong>Sua</strong></span> <span class='ocrx_word' id='word_1_110' title='bbox 381 1078 475 1102; x_wconf 84' lang='lat' dir='ltr'><strong>sacra</strong></span> <span class='ocrx_word' id='word_1_111' title='bbox 497 1071 615 1110; x_wconf 85' lang='lat' dir='ltr'><strong>passio.</strong></span> 
     </span>
    </p>
   </div>
   <div class='ocr_carea' id='block_1_8' title="bbox 184 1126 765 1311">
    <p class='ocr_par' dir='ltr' id='par_1_11' title="bbox 184 1126 765 1311">
     <span class='ocr_line' id='line_1_19' title="bbox 184 1126 557 1168; baseline -0.005 -7"><span class='ocrx_word' id='word_1_112' title='bbox 184 1130 216 1161; x_wconf 88' lang='lat'>4.</span> <span class='ocrx_word' id='word_1_113' title='bbox 244 1127 364 1160; x_wconf 79' lang='lat' dir='ltr'><strong>Orbata</strong></span> <span class='ocrx_word' id='word_1_114' title='bbox 387 1136 456 1159; x_wconf 87' lang='lat' dir='ltr'><strong>sum</strong></span> <span class='ocrx_word' id='word_1_115' title='bbox 481 1126 557 1168; x_wconf 88' lang='lat' dir='ltr'><strong>filio,</strong></span> 
     </span>
     <span class='ocr_line' id='line_1_20' title="bbox 243 1175 636 1215; baseline 0 -8"><span class='ocrx_word' id='word_1_116' title='bbox 243 1176 418 1215; x_wconf 87' lang='lat' dir='ltr'><strong>Apostolos</strong></span> <span class='ocrx_word' id='word_1_117' title='bbox 443 1183 506 1206; x_wconf 91' lang='lat' dir='ltr'><strong>non</strong></span> <span class='ocrx_word' id='word_1_118' title='bbox 532 1175 636 1214; x_wconf 89' lang='lat' dir='ltr'><strong>video,</strong></span> 
     </span>
     <span class='ocr_line' id='line_1_21' title="bbox 244 1222 694 1262; baseline 0 -8"><span class='ocrx_word' id='word_1_119' title='bbox 244 1223 310 1262; x_wconf 78' lang='lat' dir='ltr'><strong>Quo</strong></span> <span class='ocrx_word' id='word_1_120' title='bbox 337 1223 449 1255; x_wconf 85' lang='lat' dir='ltr'><strong>vadam</strong></span> <span class='ocrx_word' id='word_1_121' title='bbox 475 1222 552 1262; x_wconf 91' lang='lat' dir='ltr'><strong>sola,</strong></span> <span class='ocrx_word' id='word_1_122' title='bbox 577 1223 694 1262; x_wconf 82' lang='lat' dir='ltr'><strong>nescio,</strong></span> 
     </span>
     <span class='ocr_line' id='line_1_22' title="bbox 289 1270 765 1311; baseline 0.002 -9"><span class='ocrx_word' id='word_1_123' title='bbox 289 1270 362 1302; x_wconf 84' lang='lat' dir='ltr'><strong>Non</strong></span> <span class='ocrx_word' id='word_1_124' title='bbox 386 1279 512 1311; x_wconf 87' lang='lat' dir='ltr'><strong>possum</strong></span> <span class='ocrx_word' id='word_1_125' title='bbox 538 1270 623 1302; x_wconf 86' lang='lat' dir='ltr'><strong>ultra</strong></span> <span class='ocrx_word' id='word_1_126' title='bbox 647 1270 765 1304; x_wconf 83' lang='lat' dir='ltr'><strong>vivere.</strong></span> 
     </span>
    </p>
   </div>
   <div class='ocr_carea' id='block_1_9' title="bbox 871 527 1437 571">
    <p class='ocr_par' dir='ltr' id='par_1_12' title="bbox 871 527 1437 571">
     <span class='ocr_line' id='line_1_23' title="bbox 871 527 1437 571; baseline -0.004 -10"><span class='ocrx_word' id='word_1_127' title='bbox 871 530 901 563; x_wconf 88' lang='lat'><strong>5.</strong></span> <span class='ocrx_word' id='word_1_128' title='bbox 927 528 1017 560; x_wconf 91' lang='lat' dir='ltr'><strong>Dicit</strong></span> <span class='ocrx_word' id='word_1_129' title='bbox 1039 527 1150 560; x_wconf 81' lang='lat' dir='ltr'><strong>Jesus:</strong></span> <span class='ocrx_word' id='word_1_130' title='bbox 1178 527 1203 560; x_wconf 96' lang='grc' dir='ltr'><strong>Ο</strong></span> <span class='ocrx_word' id='word_1_131' title='bbox 1229 531 1332 560; x_wconf 85' lang='lat' dir='ltr'><strong>mater</strong></span> <span class='ocrx_word' id='word_1_132' title='bbox 1355 536 1437 571; x_wconf 87' lang='lat' dir='ltr'><strong>mea,</strong></span> 
     </span>
    </p>
   </div>
   <div class='ocr_carea' id='block_1_10' title="bbox 927 575 1443 711">
    <p class='ocr_par' dir='ltr' id='par_1_13' title="bbox 927 575 1443 711">
     <span class='ocr_line' id='line_1_24' title="bbox 927 575 1420 615; baseline -0.002 -7"><span class='ocrx_word' id='word_1_133' title='bbox 927 575 1001 608; x_wconf 84' lang='lat' dir='ltr'><strong>Non</strong></span> <span class='ocrx_word' id='word_1_134' title='bbox 1023 578 1056 607; x_wconf 90' lang='lat' dir='ltr'><strong>te</strong></span> <span class='ocrx_word' id='word_1_135' title='bbox 1080 575 1189 607; x_wconf 87' lang='lat' dir='ltr'><strong>turbet</strong></span> <span class='ocrx_word' id='word_1_136' title='bbox 1213 584 1317 615; x_wconf 89' lang='lat' dir='ltr'><strong>poena</strong></span> <span class='ocrx_word' id='word_1_137' title='bbox 1340 584 1420 615; x_wconf 86' lang='lat' dir='ltr'><strong>mea,</strong></span> 
     </span>
     <span class='ocr_line' id='line_1_25' title="bbox 927 623 1443 663; baseline -0.002 -7"><span class='ocrx_word' id='word_1_138' title='bbox 927 624 1123 656; x_wconf 85' lang='lat' dir='ltr'><strong>Praecedam</strong></span> <span class='ocrx_word' id='word_1_139' title='bbox 1147 631 1203 654; x_wconf 87' lang='lat' dir='ltr'><strong>vos</strong></span> <span class='ocrx_word' id='word_1_140' title='bbox 1229 624 1261 655; x_wconf 90' lang='lat' dir='ltr'><strong>in</strong></span> <span class='ocrx_word' id='word_1_141' title='bbox 1289 623 1443 663; x_wconf 81' lang='lat' dir='ltr'><strong>Galilaea,</strong></span> 
     </span>
     <span class='ocr_line' id='line_1_26' title="bbox 975 670 1361 711; baseline 0.003 -9"><span class='ocrx_word' id='word_1_142' title='bbox 975 671 1152 711; x_wconf 83' lang='lat' dir='ltr'><strong>Resurgam</strong></span> <span class='ocrx_word' id='word_1_143' title='bbox 1179 670 1230 702; x_wconf 90' lang='lat' dir='ltr'><strong>die</strong></span> <span class='ocrx_word' id='word_1_144' title='bbox 1254 671 1361 704; x_wconf 89' lang='lat' dir='ltr'><strong>tertia.</strong></span> 
     </span>
    </p>
   </div>
   <div class='ocr_carea' id='block_1_11' title="bbox 892 727 1358 768">
    <p class='ocr_par' dir='ltr' id='par_1_14' title="bbox 892 727 1358 768">
     <span class='ocr_line' id='line_1_27' title="bbox 892 727 1358 768; baseline -0.004 -7"><span class='ocrx_word' id='word_1_145' title='bbox 892 753 899 760; x_wconf 94' lang='lat'>.</span> <span class='ocrx_word' id='word_1_146' title='bbox 926 728 1087 761; x_wconf 80' lang='lat' dir='ltr'><strong>Johannes</strong></span> <span class='ocrx_word' id='word_1_147' title='bbox 1112 727 1154 759; x_wconf 89' lang='lat' dir='ltr'><strong>sit</strong></span> <span class='ocrx_word' id='word_1_148' title='bbox 1179 727 1239 759; x_wconf 87' lang='lat' dir='ltr'><strong>tibi</strong></span> <span class='ocrx_word' id='word_1_149' title='bbox 1263 727 1358 768; x_wconf 87' lang='lat' dir='ltr'><strong>filius,</strong></span> 
     </span>
    </p>
   </div>
   <div class='ocr_carea' id='block_1_12' title="bbox 925 774 1392 905">
    <p class='ocr_par' dir='ltr' id='par_1_15' title="bbox 925 774 1392 905">
     <span class='ocr_line' id='line_1_28' title="bbox 927 774 1325 815; baseline -0.003 -7"><span class='ocrx_word' id='word_1_150' title='bbox 927 776 1041 809; x_wconf 84' lang='lat' dir='ltr'><strong>Custos</strong></span> <span class='ocrx_word' id='word_1_151' title='bbox 1067 777 1162 815; x_wconf 85' lang='lat' dir='ltr'><strong>atque</strong></span> <span class='ocrx_word' id='word_1_152' title='bbox 1187 774 1325 807; x_wconf 84' lang='lat' dir='ltr'><strong>famulus</strong></span> 
     </span>
     <span class='ocr_line' id='line_1_29' title="bbox 925 822 1296 863; baseline -0.003 -7"><span class='ocrx_word' id='word_1_153' title='bbox 925 823 1061 863; x_wconf 85' lang='lat' dir='ltr'><strong>Eritque</strong></span> <span class='ocrx_word' id='word_1_154' title='bbox 1085 822 1145 854; x_wconf 86' lang='lat' dir='ltr'><strong>tibi</strong></span> <span class='ocrx_word' id='word_1_155' title='bbox 1170 823 1296 863; x_wconf 83' lang='lat' dir='ltr'><strong>bajulus</strong></span> 
     </span>
     <span class='ocr_line' id='line_1_30' title="bbox 972 871 1392 905; baseline 0.002 -2"><span class='ocrx_word' id='word_1_156' title='bbox 972 871 1009 903; x_wconf 88' lang='lat' dir='ltr'><strong>In</strong></span> <span class='ocrx_word' id='word_1_157' title='bbox 1034 871 1095 903; x_wconf 87' lang='lat' dir='ltr'><strong>hac</strong></span> <span class='ocrx_word' id='word_1_158' title='bbox 1119 871 1229 902; x_wconf 87' lang='lat' dir='ltr'><strong>mundi</strong></span> <span class='ocrx_word' id='word_1_159' title='bbox 1254 871 1392 905; x_wconf 84' lang='lat' dir='ltr'><strong>miseria.</strong></span> 
     </span>
    </p>
   </div>
   <div class='ocr_carea' id='block_1_13' title="bbox 892 927 1443 973">
    <p class='ocr_par' dir='ltr' id='par_1_16' title="bbox 892 927 1443 973">
     <span class='ocr_line' id='line_1_31' title="bbox 892 927 1443 973; baseline -0.002 -12"><span class='ocrx_word' id='word_1_160' title='bbox 892 954 899 961; x_wconf 93' lang='lat'>.</span> <span class='ocrx_word' id='word_1_161' title='bbox 925 929 1022 961; x_wconf 90' lang='lat' dir='ltr'><strong>Pater</strong></span> <span class='ocrx_word' id='word_1_162' title='bbox 1045 927 1132 960; x_wconf 84' lang='lat' dir='ltr'><strong>misit</strong></span> <span class='ocrx_word' id='word_1_163' title='bbox 1156 936 1207 959; x_wconf 91' lang='lat' dir='ltr'><strong>me</strong></span> <span class='ocrx_word' id='word_1_164' title='bbox 1232 928 1274 960; x_wconf 83' lang='lat' dir='ltr'><strong>ad</strong></span> <span class='ocrx_word' id='word_1_165' title='bbox 1299 931 1443 973; x_wconf 80' lang='lat' dir='ltr'><strong>mortem,</strong></span> 
     </span>
    </p>
   </div>
   <div class='ocr_carea' id='block_1_14' title="bbox 925 975 1435 1111">
    <p class='ocr_par' dir='ltr' id='par_1_17' title="bbox 925 975 1435 1111">
     <span class='ocr_line' id='line_1_32' title="bbox 925 975 1435 1019; baseline 0 -11"><span class='ocrx_word' id='word_1_166' title='bbox 925 976 1000 1009; x_wconf 77' lang='lat' dir='ltr'><strong>Vici</strong></span> <span class='ocrx_word' id='word_1_167' title='bbox 1021 978 1088 1017; x_wconf 68' lang='lat' dir='ltr'><strong>⁴jam</strong></span> <span class='ocrx_word' id='word_1_168' title='bbox 1115 975 1283 1008; x_wconf 78' lang='lat' dir='ltr'><strong>draconem</strong></span> <span class='ocrx_word' id='word_1_169' title='bbox 1309 975 1435 1019; x_wconf 81' lang='lat' dir='ltr'><strong>fortem,</strong></span> 
     </span>
     <span class='ocr_line' id='line_1_33' title="bbox 928 1023 1426 1064; baseline -0.002 -8"><span class='ocrx_word' id='word_1_170' title='bbox 928 1023 1030 1064; x_wconf 85' lang='lat' dir='ltr'><strong>Super</strong></span> <span class='ocrx_word' id='word_1_171' title='bbox 1054 1031 1105 1055; x_wconf 90' lang='lat' dir='ltr'><strong>me</strong></span> <span class='ocrx_word' id='word_1_172' title='bbox 1128 1023 1284 1055; x_wconf 87' lang='lat' dir='ltr'><strong>miserunt</strong></span> <span class='ocrx_word' id='word_1_173' title='bbox 1308 1026 1426 1055; x_wconf 83' lang='lat' dir='ltr'><strong>sortem</strong></span> 
     </span>
     <span class='ocr_line' id='line_1_34' title="bbox 973 1071 1398 1111; baseline -0.005 -7"><span class='ocrx_word' id='word_1_174' title='bbox 973 1072 1099 1105; x_wconf 82' lang='lat' dir='ltr'><strong>Judaea</strong></span> <span class='ocrx_word' id='word_1_175' title='bbox 1123 1079 1199 1111; x_wconf 87' lang='lat' dir='ltr'><strong>gens</strong></span> <span class='ocrx_word' id='word_1_176' title='bbox 1223 1071 1398 1103; x_wconf 86' lang='lat' dir='ltr'><strong>incredula.</strong></span> 
     </span>
    </p>
   </div>
   <div class='ocr_carea' id='block_1_15' title="bbox 892 1128 1455 1169">
    <p class='ocr_par' dir='ltr' id='par_1_18' title="bbox 892 1128 1455 1169">
     <span class='ocr_line' id='line_1_35' title="bbox 892 1128 1455 1169; baseline -0.002 -8"><span class='ocrx_word' id='word_1_177' title='bbox 892 1154 900 1161; x_wconf 90' lang='lat'>.</span> <span class='ocrx_word' id='word_1_178' title='bbox 925 1128 1064 1160; x_wconf 86' lang='lat' dir='ltr'><strong>Mortem</strong></span> <span class='ocrx_word' id='word_1_179' title='bbox 1089 1136 1164 1168; x_wconf 87' lang='lat' dir='ltr'><strong>ergo</strong></span> <span class='ocrx_word' id='word_1_180' title='bbox 1189 1137 1251 1160; x_wconf 91' lang='lat' dir='ltr'><strong>non</strong></span> <span class='ocrx_word' id='word_1_181' title='bbox 1277 1129 1455 1169; x_wconf 86' lang='lat' dir='ltr'><strong>timeamus,</strong></span> 
     </span>
    </p>
   </div>
   <div class='ocr_carea' id='block_1_16' title="bbox 925 1176 1399 1305">
    <p class='ocr_par' dir='ltr' id='par_1_19' title="bbox 925 1176 1399 1305">
     <span class='ocr_line' id='line_1_36' title="bbox 926 1176 1399 1216; baseline 0.002 -9"><span class='ocrx_word' id='word_1_182' title='bbox 926 1176 1041 1208; x_wconf 87' lang='lat' dir='ltr'><strong>Omnes</strong></span> <span class='ocrx_word' id='word_1_183' title='bbox 1067 1184 1191 1208; x_wconf 87' lang='lat' dir='ltr'><strong>crucem</strong></span> <span class='ocrx_word' id='word_1_184' title='bbox 1220 1176 1399 1216; x_wconf 80' lang='lat' dir='ltr'><strong>diligamus,</strong></span> 
     </span>
     <span class='ocr_line' id='line_1_37' title="bbox 925 1223 1336 1256; baseline 0 -1"><span class='ocrx_word' id='word_1_185' title='bbox 925 1223 994 1255; x_wconf 91' lang='lat' dir='ltr'><strong>Deo</strong></span> <span class='ocrx_word' id='word_1_186' title='bbox 1022 1224 1136 1256; x_wconf 88' lang='lat' dir='ltr'><strong>devote</strong></span> <span class='ocrx_word' id='word_1_187' title='bbox 1160 1223 1336 1255; x_wconf 87' lang='lat' dir='ltr'><strong>serviamus</strong></span> 
     </span>
     <span class='ocr_line' id='line_1_38' title="bbox 973 1270 1373 1305; baseline 0.005 -2"><span class='ocrx_word' id='word_1_188' title='bbox 973 1270 1051 1303; x_wconf 85' lang='lat' dir='ltr'><strong>Cum</strong></span> <span class='ocrx_word' id='word_1_189' title='bbox 1076 1271 1159 1304; x_wconf 91' lang='lat' dir='ltr'><strong>omni</strong></span> <span class='ocrx_word' id='word_1_190' title='bbox 1183 1272 1373 1305; x_wconf 86' lang='lat' dir='ltr'><strong>reverentia.</strong></span> 
     </span>
    </p>
   </div>
   <div class='ocr_carea' id='block_1_17' title="bbox 259 1333 998 1365">
    <p class='ocr_par' dir='ltr' id='par_1_20' title="bbox 259 1333 998 1365">
     <span class='ocr_line' id='line_1_39' title="bbox 259 1333 998 1365; baseline 0 -2"><span class='ocrx_word' id='word_1_191' title='bbox 259 1336 339 1364; x_wconf 84' lang='lat' dir='ltr'><strong>Orat.</strong></span> <span class='ocrx_word' id='word_1_192' title='bbox 357 1344 411 1363; x_wconf 88' lang='lat' dir='ltr'><strong>ms.</strong></span> <span class='ocrx_word' id='word_1_193' title='bbox 433 1343 508 1362; x_wconf 84' lang='lat' dir='ltr'><strong>saec.</strong></span> <span class='ocrx_word' id='word_1_194' title='bbox 531 1333 577 1365; x_wconf 85' lang='lat'><strong>15.</strong></span> <span class='ocrx_word' id='word_1_195' title='bbox 609 1335 679 1363; x_wconf 88' lang='lat' dir='ltr'><strong>Cod.</strong></span> <span class='ocrx_word' id='word_1_196' title='bbox 698 1336 850 1363; x_wconf 81' lang='lat' dir='ltr'><strong>Mantuan.</strong></span> <span class='ocrx_word' id='word_1_197' title='bbox 870 1335 898 1363; x_wconf 89' lang='lat' dir='ltr'>E</span> <span class='ocrx_word' id='word_1_198' title='bbox 917 1336 933 1363; x_wconf 91' lang='lat' dir='ltr'>I</span> <span class='ocrx_word' id='word_1_199' title='bbox 953 1334 998 1364; x_wconf 81' lang='lat'><strong>27.</strong></span> 
     </span>
    </p>
   </div>
   <div class='ocr_carea' id='block_1_18' title="bbox 603 1426 1074 1467">
    <p class='ocr_par' dir='ltr' id='par_1_21' title="bbox 603 1426 1074 1467">
     <span class='ocr_line' id='line_1_40' title="bbox 603 1426 1074 1467; baseline 0.004 -10"><span class='ocrx_word' id='word_1_200' title='bbox 603 1426 649 1457; x_wconf 88' lang='lat'><strong>55.</strong></span> <span class='ocrx_word' id='word_1_201' title='bbox 689 1427 733 1458; x_wconf 89' lang='lat' dir='ltr'><strong>De</strong></span> <span class='ocrx_word' id='word_1_202' title='bbox 753 1426 967 1467; x_wconf 60' lang='lat' dir='ltr'><strong>compassione</strong></span> <span class='ocrx_word' id='word_1_203' title='bbox 986 1428 1074 1460; x_wconf 73' lang='lat' dir='ltr'><strong>Bmv.</strong></span> 
     </span>
    </p>
   </div>
   <div class='ocr_carea' id='block_1_19' title="bbox 184 1497 740 2457">
    <p class='ocr_par' dir='ltr' id='par_1_22' title="bbox 184 1497 740 2457">
     <span class='ocr_line' id='line_1_41' title="bbox 184 1497 602 1539; baseline -0.007 -7"><span class='ocrx_word' id='word_1_204' title='bbox 184 1499 216 1532; x_wconf 84' lang='lat'>1.</span> <span class='ocrx_word' id='word_1_205' title='bbox 240 1497 339 1530; x_wconf 90' lang='lat' dir='ltr'><strong>Adsis</strong></span> <span class='ocrx_word' id='word_1_206' title='bbox 363 1497 438 1529; x_wconf 89' lang='lat' dir='ltr'><strong>huic</strong></span> <span class='ocrx_word' id='word_1_207' title='bbox 462 1497 602 1539; x_wconf 86' lang='lat' dir='ltr'><strong>speculo,</strong></span> 
     </span>
     <span class='ocr_line' id='line_1_42' title="bbox 289 1544 577 1585; baseline -0.003 -8"><span class='ocrx_word' id='word_1_208' title='bbox 289 1545 395 1577; x_wconf 83' lang='lat' dir='ltr'><strong>Mater</strong></span> <span class='ocrx_word' id='word_1_209' title='bbox 419 1553 437 1575; x_wconf 93' lang='lat'>0</span> <span class='ocrx_word' id='word_1_210' title='bbox 460 1544 577 1585; x_wconf 86' lang='lat' dir='ltr'><strong>Maria,</strong></span> 
     </span>
     <span class='ocr_line' id='line_1_43' title="bbox 242 1592 591 1631; baseline -0.006 -6"><span class='ocrx_word' id='word_1_211' title='bbox 242 1593 366 1625; x_wconf 87' lang='lat' dir='ltr'><strong>Pendet</strong></span> <span class='ocrx_word' id='word_1_212' title='bbox 389 1593 424 1624; x_wconf 92' lang='lat' dir='ltr'><strong>in</strong></span> <span class='ocrx_word' id='word_1_213' title='bbox 447 1592 591 1631; x_wconf 89' lang='lat' dir='ltr'><strong>patibulo</strong></span> 
     </span>
     <span class='ocr_line' id='line_1_44' title="bbox 289 1639 594 1680; baseline -0.003 -8"><span class='ocrx_word' id='word_1_214' title='bbox 289 1640 362 1672; x_wconf 86' lang='lat' dir='ltr'><strong>Jam</strong></span> <span class='ocrx_word' id='word_1_215' title='bbox 386 1639 448 1672; x_wconf 91' lang='lat' dir='ltr'><strong>Dei</strong></span> <span class='ocrx_word' id='word_1_216' title='bbox 472 1640 594 1680; x_wconf 82' lang='lat' dir='ltr'><strong>sophia,</strong></span> 
     </span>
     <span class='ocr_line' id='line_1_45' title="bbox 242 1688 688 1727; baseline -0.004 -7"><span class='ocrx_word' id='word_1_217' title='bbox 242 1688 317 1720; x_wconf 87' lang='lat' dir='ltr'><strong>Dux</strong></span> <span class='ocrx_word' id='word_1_218' title='bbox 343 1691 373 1719; x_wconf 92' lang='lat' dir='ltr'><strong>et</strong></span> <span class='ocrx_word' id='word_1_219' title='bbox 399 1688 496 1719; x_wconf 88' lang='lat' dir='ltr'><strong>decus</strong></span> <span class='ocrx_word' id='word_1_220' title='bbox 519 1688 688 1727; x_wconf 83' lang='lat' dir='ltr'><strong>virginum,</strong></span> 
     </span>
     <span class='ocr_line' id='line_1_46' title="bbox 289 1735 621 1777; baseline -0.003 -10"><span class='ocrx_word' id='word_1_221' title='bbox 289 1735 410 1775; x_wconf 85' lang='lat' dir='ltr'><strong>Dulcis,</strong></span> <span class='ocrx_word' id='word_1_222' title='bbox 436 1735 531 1777; x_wconf 87' lang='lat' dir='ltr'><strong>mitis,</strong></span> <span class='ocrx_word' id='word_1_223' title='bbox 558 1735 621 1777; x_wconf 87' lang='lat' dir='ltr'><strong>pia,</strong></span> 
     </span>
     <span class='ocr_line' id='line_1_47' title="bbox 242 1783 592 1815; baseline -0.003 0"><span class='ocrx_word' id='word_1_224' title='bbox 242 1783 292 1815; x_wconf 89' lang='lat' dir='ltr'><strong>De</strong></span> <span class='ocrx_word' id='word_1_225' title='bbox 316 1783 466 1815; x_wconf 88' lang='lat' dir='ltr'><strong>torrentis</strong></span> <span class='ocrx_word' id='word_1_226' title='bbox 493 1783 592 1814; x_wconf 87' lang='lat' dir='ltr'><strong>calice</strong></span> 
     </span>
     <span class='ocr_line' id='line_1_48' title="bbox 291 1830 601 1870; baseline 0 -8"><span class='ocrx_word' id='word_1_227' title='bbox 291 1831 351 1870; x_wconf 83' lang='lat' dir='ltr'><strong>Qui</strong></span> <span class='ocrx_word' id='word_1_228' title='bbox 375 1830 458 1863; x_wconf 88' lang='lat' dir='ltr'><strong>bibit</strong></span> <span class='ocrx_word' id='word_1_229' title='bbox 482 1831 515 1862; x_wconf 92' lang='lat' dir='ltr'><strong>in</strong></span> <span class='ocrx_word' id='word_1_230' title='bbox 540 1831 601 1863; x_wconf 89' lang='lat' dir='ltr'><strong>via.</strong></span> 
     </span>
     <span class='ocr_line' id='line_1_49' title="bbox 186 1887 740 1929; baseline 0 -9"><span class='ocrx_word' id='word_1_231' title='bbox 186 1890 218 1921; x_wconf 82' lang='lat'>2.</span> <span class='ocrx_word' id='word_1_232' title='bbox 245 1888 328 1928; x_wconf 77' lang='lat' dir='ltr'><strong>Quid</strong></span> <span class='ocrx_word' id='word_1_233' title='bbox 352 1887 431 1920; x_wconf 90' lang='lat' dir='ltr'><strong>fiens</strong></span> <span class='ocrx_word' id='word_1_234' title='bbox 456 1888 565 1920; x_wconf 85' lang='lat' dir='ltr'><strong>adstas</strong></span> <span class='ocrx_word' id='word_1_235' title='bbox 590 1887 740 1929; x_wconf 70' lang='lat' dir='ltr'><strong>longius?</strong></span> 
     </span>
     <span class='ocr_line' id='line_1_50' title="bbox 290 1936 577 1976; baseline -0.007 -7"><span class='ocrx_word' id='word_1_236' title='bbox 290 1937 425 1976; x_wconf 87' lang='lat' dir='ltr'><strong>Propius</strong></span> <span class='ocrx_word' id='word_1_237' title='bbox 450 1936 577 1976; x_wconf 85' lang='lat' dir='ltr'><strong>accede,</strong></span> 
     </span>
     <span class='ocr_line' id='line_1_51' title="bbox 243 1982 534 2017; baseline -0.003 -1"><span class='ocrx_word' id='word_1_238' title='bbox 243 1983 329 2016; x_wconf 87' lang='lat' dir='ltr'><strong>Ecce</strong></span> <span class='ocrx_word' id='word_1_239' title='bbox 352 1988 425 2017; x_wconf 91' lang='lat' dir='ltr'><strong>tuus</strong></span> <span class='ocrx_word' id='word_1_240' title='bbox 449 1982 534 2015; x_wconf 88' lang='lat' dir='ltr'><strong>filius</strong></span> 
     </span>
     <span class='ocr_line' id='line_1_52' title="bbox 290 2030 672 2075; baseline -0.003 -11"><span class='ocrx_word' id='word_1_241' title='bbox 290 2032 364 2064; x_wconf 89' lang='lat' dir='ltr'><strong>Heu</strong></span> <span class='ocrx_word' id='word_1_242' title='bbox 387 2034 542 2063; x_wconf 82' lang='lat' dir='ltr'><strong>tractatus</strong></span> <span class='ocrx_word' id='word_1_243' title='bbox 568 2030 672 2075; x_wconf 80' lang='lat' dir='ltr'><strong>foede,</strong></span> 
     </span>
     <span class='ocr_line' id='line_1_53' title="bbox 243 2079 638 2120; baseline 0 -9"><span class='ocrx_word' id='word_1_244' title='bbox 243 2079 315 2111; x_wconf 90' lang='lat' dir='ltr'><strong>Heu</strong></span> <span class='ocrx_word' id='word_1_245' title='bbox 339 2079 443 2120; x_wconf 87' lang='lat' dir='ltr'><strong>plenis</strong></span> <span class='ocrx_word' id='word_1_246' title='bbox 468 2079 638 2119; x_wconf 90' lang='lat' dir='ltr'><strong>opprobris</strong></span> 
     </span>
     <span class='ocr_line' id='line_1_54' title="bbox 289 2127 615 2170; baseline -0.003 -11"><span class='ocrx_word' id='word_1_247' title='bbox 289 2127 435 2159; x_wconf 84' lang='lat' dir='ltr'><strong>Donatur</strong></span> <span class='ocrx_word' id='word_1_248' title='bbox 458 2127 615 2170; x_wconf 86' lang='lat' dir='ltr'><strong>mercede,</strong></span> 
     </span>
     <span class='ocr_line' id='line_1_55' title="bbox 240 2174 604 2215; baseline 0 -9"><span class='ocrx_word' id='word_1_249' title='bbox 240 2174 313 2206; x_wconf 89' lang='lat' dir='ltr'><strong>Hac</strong></span> <span class='ocrx_word' id='word_1_250' title='bbox 336 2175 407 2215; x_wconf 86' lang='lat' dir='ltr'><strong>pius</strong></span> <span class='ocrx_word' id='word_1_251' title='bbox 432 2174 471 2206; x_wconf 89' lang='lat' dir='ltr'><strong>ab</strong></span> <span class='ocrx_word' id='word_1_252' title='bbox 496 2175 604 2215; x_wconf 87' lang='lat' dir='ltr'><strong>impiis</strong></span> 
     </span>
     <span class='ocr_line' id='line_1_56' title="bbox 289 2222 622 2257; baseline 0.003 -2"><span class='ocrx_word' id='word_1_253' title='bbox 289 2222 451 2255; x_wconf 87' lang='lat' dir='ltr'><strong>Mactatur</strong></span> <span class='ocrx_word' id='word_1_254' title='bbox 475 2232 495 2254; x_wconf 90' lang='lat' dir='ltr'><strong>a</strong></span> <span class='ocrx_word' id='word_1_255' title='bbox 515 2223 622 2257; x_wconf 89' lang='lat' dir='ltr'><strong>caede.</strong></span> 
     </span>
     <span class='ocr_line' id='line_1_57' title="bbox 186 2279 627 2322; baseline -0.002 -9"><span class='ocrx_word' id='word_1_256' title='bbox 186 2280 218 2313; x_wconf 86' lang='lat'>3.</span> <span class='ocrx_word' id='word_1_257' title='bbox 243 2280 296 2311; x_wconf 90' lang='lat' dir='ltr'><strong>An</strong></span> <span class='ocrx_word' id='word_1_258' title='bbox 322 2283 379 2322; x_wconf 88' lang='lat' dir='ltr'><strong>est,</strong></span> <span class='ocrx_word' id='word_1_259' title='bbox 405 2282 517 2320; x_wconf 89' lang='lat' dir='ltr'><strong>mater,</strong></span> <span class='ocrx_word' id='word_1_260' title='bbox 542 2279 627 2313; x_wconf 90' lang='lat' dir='ltr'><strong>filius</strong></span> 
     </span>
     <span class='ocr_line' id='line_1_58' title="bbox 292 2328 658 2369; baseline 0 -9"><span class='ocrx_word' id='word_1_261' title='bbox 292 2328 378 2360; x_wconf 88' lang='lat' dir='ltr'><strong>Tuus</strong></span> <span class='ocrx_word' id='word_1_262' title='bbox 403 2328 445 2360; x_wconf 82' lang='lat' dir='ltr'><strong>ad</strong></span> <span class='ocrx_word' id='word_1_263' title='bbox 469 2329 531 2360; x_wconf 90' lang='lat' dir='ltr'><strong>hoc</strong></span> <span class='ocrx_word' id='word_1_264' title='bbox 555 2332 658 2369; x_wconf 83' lang='lat' dir='ltr'><strong>natus,</strong></span> 
     </span>
     <span class='ocr_line' id='line_1_59' title="bbox 246 2375 640 2417; baseline 0 -9"><span class='ocrx_word' id='word_1_265' title='bbox 246 2375 293 2408; x_wconf 90' lang='lat' dir='ltr'><strong>Ut</strong></span> <span class='ocrx_word' id='word_1_266' title='bbox 316 2376 363 2409; x_wconf 90' lang='lat' dir='ltr'><strong>sic</strong></span> <span class='ocrx_word' id='word_1_267' title='bbox 388 2375 482 2416; x_wconf 86' lang='lat' dir='ltr'><strong>digne</strong></span> <span class='ocrx_word' id='word_1_268' title='bbox 506 2377 640 2417; x_wconf 83' lang='lat' dir='ltr'><strong>genitus,</strong></span> 
     </span>
     <span class='ocr_line' id='line_1_60' title="bbox 294 2424 637 2457; baseline 0 -1"><span class='ocrx_word' id='word_1_269' title='bbox 294 2424 348 2457; x_wconf 90' lang='lat' dir='ltr'><strong>Sic</strong></span> <span class='ocrx_word' id='word_1_270' title='bbox 367 2425 408 2456; x_wconf 87' lang='lat' dir='ltr'><strong>sit</strong></span> <span class='ocrx_word' id='word_1_271' title='bbox 431 2426 637 2456; x_wconf 67' lang='lat' dir='ltr'><strong>cruentatus?</strong></span> 
     </span>
    </p>
   </div>
   <div class='ocr_carea' id='block_1_20' title="bbox 922 1498 1318 1675">
    <p class='ocr_par' dir='ltr' id='par_1_23' title="bbox 924 1498 1281 1579">
     <span class='ocr_line' id='line_1_61' title="bbox 924 1498 1281 1531; baseline 0 -1"><span class='ocrx_word' id='word_1_272' title='bbox 924 1499 1008 1531; x_wconf 84' lang='lat' dir='ltr'><strong>Vere</strong></span> <span class='ocrx_word' id='word_1_273' title='bbox 1031 1509 1094 1531; x_wconf 88' lang='lat' dir='ltr'><strong>non</strong></span> <span class='ocrx_word' id='word_1_274' title='bbox 1122 1498 1281 1530; x_wconf 87' lang='lat' dir='ltr'><strong>immerito</strong></span> 
     </span>
     <span class='ocr_line' id='line_1_62' title="bbox 970 1546 1242 1579; baseline -0.004 0"><span class='ocrx_word' id='word_1_275' title='bbox 970 1547 1105 1579; x_wconf 89' lang='lat' dir='ltr'><strong>Dicetur</strong></span> <span class='ocrx_word' id='word_1_276' title='bbox 1129 1546 1242 1578; x_wconf 86' lang='lat' dir='ltr'><strong>beatus</strong></span> 
     </span>
    </p>

    <p class='ocr_par' dir='ltr' id='par_1_24' title="bbox 922 1594 1318 1675">
     <span class='ocr_line' id='line_1_63' title="bbox 922 1594 1318 1634; baseline -0.005 -7"><span class='ocrx_word' id='word_1_277' title='bbox 922 1595 961 1627; x_wconf 92' lang='lat' dir='ltr'><strong>In</strong></span> <span class='ocrx_word' id='word_1_278' title='bbox 985 1595 1046 1626; x_wconf 90' lang='lat' dir='ltr'><strong>hoc</strong></span> <span class='ocrx_word' id='word_1_279' title='bbox 1071 1594 1138 1634; x_wconf 76' lang='lat' dir='ltr'><strong>ejsss</strong></span> <span class='ocrx_word' id='word_1_280' title='bbox 1167 1595 1318 1627; x_wconf 89' lang='lat' dir='ltr'><strong>scandalo</strong></span> 
     </span>
     <span class='ocr_line' id='line_1_64' title="bbox 970 1641 1315 1675; baseline 0.003 -1"><span class='ocrx_word' id='word_1_281' title='bbox 970 1642 1043 1674; x_wconf 82' lang='lat' dir='ltr'><strong>Non</strong></span> <span class='ocrx_word' id='word_1_282' title='bbox 1072 1641 1315 1675; x_wconf 87' lang='lat' dir='ltr'><strong>scandalisatus.</strong></span> 
     </span>
    </p>
   </div>
   <div class='ocr_carea' id='block_1_21' title="bbox 892 1699 1319 1739">
    <p class='ocr_par' dir='ltr' id='par_1_25' title="bbox 892 1699 1319 1739">
     <span class='ocr_line' id='line_1_65' title="bbox 892 1699 1319 1739; baseline -0.007 -7"><span class='ocrx_word' id='word_1_283' title='bbox 892 1726 899 1733; x_wconf 92' lang='lat'>.</span> <span class='ocrx_word' id='word_1_284' title='bbox 924 1699 978 1731; x_wconf 89' lang='lat' dir='ltr'><strong>Ad</strong></span> <span class='ocrx_word' id='word_1_285' title='bbox 1002 1699 1135 1739; x_wconf 86' lang='lat' dir='ltr'><strong>pudoris</strong></span> <span class='ocrx_word' id='word_1_286' title='bbox 1162 1699 1319 1730; x_wconf 87' lang='lat' dir='ltr'><strong>cumulum</strong></span> 
     </span>
    </p>
   </div>
   <div class='ocr_carea' id='block_1_22' title="bbox 924 1746 1395 2073">
    <p class='ocr_par' dir='ltr' id='par_1_26' title="bbox 924 1746 1395 2073">
     <span class='ocr_line' id='line_1_66' title="bbox 970 1746 1295 1786; baseline -0.003 -8"><span class='ocrx_word' id='word_1_287' title='bbox 970 1746 1120 1778; x_wconf 87' lang='lat' dir='ltr'><strong>Vestibus</strong></span> <span class='ocrx_word' id='word_1_288' title='bbox 1145 1746 1295 1786; x_wconf 90' lang='lat' dir='ltr'><strong>nudatur,</strong></span> 
     </span>
     <span class='ocr_line' id='line_1_67' title="bbox 924 1794 1300 1835; baseline -0.003 -9"><span class='ocrx_word' id='word_1_289' title='bbox 924 1794 1037 1834; x_wconf 87' lang='lat' dir='ltr'><strong>Vento,</strong></span> <span class='ocrx_word' id='word_1_290' title='bbox 1064 1794 1146 1835; x_wconf 83' lang='lat' dir='ltr'><strong>gelu,</strong></span> <span class='ocrx_word' id='word_1_291' title='bbox 1171 1794 1300 1833; x_wconf 82' lang='lat' dir='ltr'><strong>pluviae</strong></span> 
     </span>
     <span class='ocr_line' id='line_1_68' title="bbox 971 1841 1289 1881; baseline 0 -8"><span class='ocrx_word' id='word_1_292' title='bbox 971 1841 1084 1874; x_wconf 84' lang='lat' dir='ltr'><strong>Nudus</strong></span> <span class='ocrx_word' id='word_1_293' title='bbox 1110 1841 1289 1881; x_wconf 81' lang='lat' dir='ltr'><strong>explicatur</strong></span> 
     </span>
     <span class='ocr_line' id='line_1_69' title="bbox 925 1888 1340 1931; baseline 0.002 -11"><span class='ocrx_word' id='word_1_294' title='bbox 925 1888 1049 1921; x_wconf 85' lang='lat' dir='ltr'><strong>Sistunt</strong></span> <span class='ocrx_word' id='word_1_295' title='bbox 1072 1890 1166 1929; x_wconf 87' lang='lat' dir='ltr'><strong>longe</strong></span> <span class='ocrx_word' id='word_1_296' title='bbox 1190 1890 1340 1931; x_wconf 82' lang='lat' dir='ltr'><strong>proximi,</strong></span> 
     </span>
     <span class='ocr_line' id='line_1_70' title="bbox 973 1937 1305 1977; baseline 0.003 -9"><span class='ocrx_word' id='word_1_297' title='bbox 973 1937 1087 1969; x_wconf 86' lang='lat' dir='ltr'><strong>Nullus</strong></span> <span class='ocrx_word' id='word_1_298' title='bbox 1114 1937 1305 1977; x_wconf 90' lang='lat' dir='ltr'><strong>consolatur,</strong></span> 
     </span>
     <span class='ocr_line' id='line_1_71' title="bbox 925 1984 1395 2026; baseline 0.004 -10"><span class='ocrx_word' id='word_1_299' title='bbox 925 1984 989 2017; x_wconf 88' lang='lat' dir='ltr'><strong>Sed</strong></span> <span class='ocrx_word' id='word_1_300' title='bbox 1014 1987 1102 2017; x_wconf 86' lang='lat' dir='ltr'><strong>stant</strong></span> <span class='ocrx_word' id='word_1_301' title='bbox 1125 1994 1228 2024; x_wconf 88' lang='lat' dir='ltr'><strong>prope</strong></span> <span class='ocrx_word' id='word_1_302' title='bbox 1253 1985 1395 2026; x_wconf 88' lang='lat' dir='ltr'><strong>nimium,</strong></span> 
     </span>
     <span class='ocr_line' id='line_1_72' title="bbox 973 2033 1335 2073; baseline 0.006 -9"><span class='ocrx_word' id='word_1_303' title='bbox 973 2033 1035 2064; x_wconf 88' lang='lat' dir='ltr'><strong>Per</strong></span> <span class='ocrx_word' id='word_1_304' title='bbox 1060 2041 1137 2073; x_wconf 90' lang='lat' dir='ltr'><strong>quos</strong></span> <span class='ocrx_word' id='word_1_305' title='bbox 1164 2033 1335 2067; x_wconf 88' lang='lat' dir='ltr'><strong>cruciatur.</strong></span> 
     </span>
    </p>
   </div>
   <div class='ocr_carea' id='block_1_23' title="bbox 892 2090 1297 2130">
    <p class='ocr_par' dir='ltr' id='par_1_27' title="bbox 892 2090 1297 2130">
     <span class='ocr_line' id='line_1_73' title="bbox 892 2090 1297 2130; baseline 0 -7"><span class='ocrx_word' id='word_1_306' title='bbox 892 2117 898 2123; x_wconf 94' lang='lat'>.</span> <span class='ocrx_word' id='word_1_307' title='bbox 925 2090 1017 2122; x_wconf 90' lang='lat' dir='ltr'><strong>Omni</strong></span> <span class='ocrx_word' id='word_1_308' title='bbox 1042 2098 1145 2130; x_wconf 89' lang='lat' dir='ltr'><strong>poena</strong></span> <span class='ocrx_word' id='word_1_309' title='bbox 1168 2091 1297 2130; x_wconf 84' lang='lat' dir='ltr'><strong>gravior</strong></span> 
     </span>
    </p>
   </div>
   <div class='ocr_carea' id='block_1_24' title="bbox 923 2137 1454 2459">
    <p class='ocr_par' dir='ltr' id='par_1_28' title="bbox 923 2137 1454 2459">
     <span class='ocr_line' id='line_1_74' title="bbox 969 2137 1415 2183; baseline 0.007 -13"><span class='ocrx_word' id='word_1_310' title='bbox 969 2137 1029 2170; x_wconf 88' lang='lat' dir='ltr'><strong>Est</strong></span> <span class='ocrx_word' id='word_1_311' title='bbox 1054 2138 1133 2170; x_wconf 86' lang='lat' dir='ltr'><strong>haec</strong></span> <span class='ocrx_word' id='word_1_312' title='bbox 1156 2147 1279 2178; x_wconf 90' lang='lat' dir='ltr'><strong>poenae</strong></span> <span class='ocrx_word' id='word_1_313' title='bbox 1302 2149 1415 2183; x_wconf 86' lang='lat' dir='ltr'><strong>poena,</strong></span> 
     </span>
     <span class='ocr_line' id='line_1_75' title="bbox 925 2186 1454 2226; baseline 0.006 -9"><span class='ocrx_word' id='word_1_314' title='bbox 925 2186 1011 2226; x_wconf 79' lang='lat' dir='ltr'><strong>Quae</strong></span> <span class='ocrx_word' id='word_1_315' title='bbox 1035 2195 1098 2218; x_wconf 88' lang='lat' dir='ltr'><strong>non</strong></span> <span class='ocrx_word' id='word_1_316' title='bbox 1120 2188 1245 2218; x_wconf 89' lang='lat' dir='ltr'><strong>tantum</strong></span> <span class='ocrx_word' id='word_1_317' title='bbox 1269 2188 1380 2219; x_wconf 88' lang='lat' dir='ltr'><strong>mortis</strong></span> <span class='ocrx_word' id='word_1_318' title='bbox 1406 2191 1454 2220; x_wconf 86' lang='lat' dir='ltr'><strong>est</strong></span> 
     </span>
     <span class='ocr_line' id='line_1_76' title="bbox 973 2233 1313 2275; baseline 0.006 -10"><span class='ocrx_word' id='word_1_319' title='bbox 973 2233 1037 2266; x_wconf 86' lang='lat' dir='ltr'><strong>Sed</strong></span> <span class='ocrx_word' id='word_1_320' title='bbox 1060 2234 1185 2275; x_wconf 87' lang='lat' dir='ltr'><strong>pudore</strong></span> <span class='ocrx_word' id='word_1_321' title='bbox 1206 2235 1313 2275; x_wconf 88' lang='lat' dir='ltr'><strong>plena,</strong></span> 
     </span>
     <span class='ocr_line' id='line_1_77' title="bbox 923 2282 1313 2323; baseline 0.005 -10"><span class='ocrx_word' id='word_1_322' title='bbox 923 2282 1031 2314; x_wconf 85' lang='lat' dir='ltr'><strong>Mater</strong></span> <span class='ocrx_word' id='word_1_323' title='bbox 1055 2290 1130 2314; x_wconf 87' lang='lat' dir='ltr'><strong>vere</strong></span> <span class='ocrx_word' id='word_1_324' title='bbox 1155 2283 1313 2323; x_wconf 86' lang='lat' dir='ltr'><strong>rumpitur</strong></span> 
     </span>
     <span class='ocr_line' id='line_1_78' title="bbox 972 2330 1295 2375; baseline 0.006 -14"><span class='ocrx_word' id='word_1_325' title='bbox 972 2330 1047 2362; x_wconf 84' lang='lat' dir='ltr'><strong>Tibi</strong></span> <span class='ocrx_word' id='word_1_326' title='bbox 1072 2330 1178 2362; x_wconf 90' lang='lat' dir='ltr'><strong>cordis</strong></span> <span class='ocrx_word' id='word_1_327' title='bbox 1203 2340 1295 2375; x_wconf 85' lang='lat' dir='ltr'><strong>vena,</strong></span> 
     </span>
     <span class='ocr_line' id='line_1_79' title="bbox 927 2377 1265 2418; baseline 0 -8"><span class='ocrx_word' id='word_1_328' title='bbox 927 2377 1005 2410; x_wconf 83' lang='lat' dir='ltr'><strong>Cum</strong></span> <span class='ocrx_word' id='word_1_329' title='bbox 1033 2378 1183 2418; x_wconf 87' lang='lat' dir='ltr'><strong>pallescit</strong></span> <span class='ocrx_word' id='word_1_330' title='bbox 1205 2378 1265 2411; x_wconf 85' lang='lat' dir='ltr'><strong>filii</strong></span> 
     </span>
     <span class='ocr_line' id='line_1_80' title="bbox 973 2425 1254 2459; baseline 0.004 -1"><span class='ocrx_word' id='word_1_331' title='bbox 973 2425 1087 2459; x_wconf 82' lang='lat' dir='ltr'><strong>Facies</strong></span> <span class='ocrx_word' id='word_1_332' title='bbox 1113 2436 1254 2459; x_wconf 81' lang='lat' dir='ltr'><strong>amoena.</strong></span> 
     </span>
    </p>
   </div>
  </div>
 </body>
</html>
