1653 2668
197 565 252 599 34.

198 890 253 922 35.

198 1212 252 1244 36.

200 1537 254 1569 37.

199 1861 254 1894 35.

198 2187 252 2219 39.

734 141 972 176 „32-

278 240 372 281 Sono,
399 242 478 272 nutu
503 242 535 271 et
557 248 617 280 per
641 238 735 277 signa

325 287 515 328 Pei-petravi
539 286 643 329 noxia,

278 335 397 376 Magna
420 335 515 367 nimis
541 337 573 366 et
595 333 735 373 maligna

328 382 476 416 Commisi
499 381 628 423 flagitia,

278 432 363 471 Quae
386 432 519 462 narratu
543 432 617 462 sunt
640 428 780 469 indigna,

326 477 500 511 Numerata
524 477 633 510 nimia.

279 565 418 596 Peccans
441 564 474 595 in
500 571 557 602 spe
580 562 752 603 provocavi

327 612 373 644 Te
394 612 435 643 ad
459 610 666 648 iracundiam,

278 659 446 700 Nunquam
470 660 576 690 tamen
603 657 771 696 desperavi

324 706 392 739 Nec
418 707 563 746 despero,
589 705 736 745 quoniam

278 755 401 787 Nomen
427 757 512 785 tuum
539 762 602 786 non
627 752 741 793 negavi

325 801 393 834 Nec
416 800 677 834 misericordiam.

280 888 304 921 O
330 897 403 928 spes
427 896 508 927 mea,
534 886 611 920 Jesu
635 887 727 927 bone,

327 935 412 968 Fons
437 935 685 977 misericordiae,

278 983 377 1015 Adsis
398 983 477 1015 mihi
500 982 532 1014 in
560 991 660 1023 agone

323 1030 476 1063 Instantis
501 1031 677 1071 angustiae,

279 1078 330 1110 Da
354 1079 494 1110 solamen
520 1081 553 1109 et
578 1078 701 1118 depone

326 1125 451 1158 Nubem
477 1123 686 1158 diffidentiae.

278 1211 342 1243 Fili
366 1211 437 1251 Dei,
465 1210 542 1243 Jesu
566 1211 629 1252 pie,

326 1257 424 1299 Deus,
452 1258 505 1299 qui
530 1256 635 1291 fecisti
659 1267 719 1299 me,

279 1306 345 1337 Fili
369 1306 500 1347 virginis
525 1306 659 1347 Mariae,

327 1353 431 1386 Homo
454 1354 619 1385 redemisti
642 1362 703 1394 me,

282 1400 433 1433 Geminae
457 1402 544 1442 gigas
570 1402 667 1441 usiae,

329 1449 485 1493 Salvator,
513 1450 629 1482 exaudi
653 1459 713 1482 me.

282 1534 381 1568 Verbi
405 1535 452 1567 tui
478 1535 580 1568 dulcis
605 1536 669 1568 oris

326 1583 498 1623 Memento,
525 1583 609 1624 quod
636 1583 772 1618 dixeris:

280 1630 362 1663 Nolo
385 1633 516 1663 mortem
543 1631 730 1674 peccatoris,

329 1677 393 1711 Sed
417 1681 453 1710 ut
476 1678 561 1711 viam
586 1680 717 1711 sceleris

280 1726 499 1767 Derelinquat,
527 1729 557 1758 et
583 1727 700 1759 erroris

328 1774 507 1806 Obliviscar
532 1775 658 1807 veteris.

279 1859 344 1900 Me,
372 1863 506 1901 creator,
533 1864 769 1895 convertentem

326 1908 499 1942 Miserator
521 1910 657 1950 suscipe,

281 1955 345 1994 Me,
373 1957 567 1998 redemptor,
593 1957 808 1997 poenitentem

328 2005 525 2046 Ignoscendo
552 2006 650 2045 eripe,

278 2051 344 2092 Me,
370 2053 520 2092 salvator,
547 2052 747 2085 confitentem

327 2099 358 2132 A
382 2100 523 2140 peccatis
547 2101 645 2141 eripe.

281 2185 340 2225 Qui
364 2188 547 2226 peccantem
575 2187 759 2219 convertisti

325 2233 382 2266 Me
405 2234 448 2266 ad
472 2235 701 2273 poenitentiam

278 2281 324 2313 Et
348 2290 499 2314 converso
526 2282 689 2314 contulisti

328 2328 517 2362 Confidendi
541 2330 687 2371 gratiam,

280 2376 449 2409 Confitenti
476 2379 572 2410 corde
596 2378 681 2409 tristi

328 2423 401 2457 Non
426 2425 556 2465 negabis
581 2425 717 2459 veniam.

882 238 938 271 40.

880 562 936 594 41.

880 889 935 921 42.

879 1214 936 1246 43.

881 1539 937 1572 44.

881 1864 937 1897 45.

881 2187 938 2220 46.

966 237 1076 270 Dulcis
1101 236 1190 276 ι15511,
1217 236 1271 276 qui
1297 244 1330 268 es
1355 237 1449 268 natus

1010 285 1063 317 Ex
1086 282 1193 315 Maria
1219 283 1350 324 virgine,

965 334 1067 366 Verus
1092 330 1196 371 homo,
1221 331 1275 370 qui
1301 339 1333 362 es
1361 331 1452 362 datus

1008 380 1046 412 In
1073 387 1168 410 cruce
1191 386 1251 418 pro
1276 377 1411 416 homine,

961 428 1080 461 Sordes
1106 434 1191 457 meas
1217 427 1249 456 et
1273 428 1380 457 reatus

1010 475 1113 514 Terge
1137 477 1191 505 tuo
1217 473 1381 512 sanguine.

963 561 1134 603 Memento,
1162 558 1247 600 quod
1274 558 1378 590 carnis
1401 559 1476 598 ,iura

1010 608 1149 641 Nostrae
1154 606 1314 648 quondam
1322 606 1507 648 sumpseris,

964 657 1055 696 Quod
1075 658 1200 688 creator
1226 656 1373 686 creatura

1012 706 1076 738 Pro
1098 703 1189 736 nobis
1217 700 1354 734 efficeris

962 753 1007 785 Et
1031 751 1116 792 quod
1141 750 1245 783 faetor
1269 759 1329 790 pro
1354 748 1483 781 factura

1010 801 1149 833 Mortem
1176 797 1279 830 crucis
1305 798 1427 830 tuleris.

961 887 1048 920 Deus
1073 895 1154 918 unus
1179 887 1214 916 tu
1240 887 1273 915 et
1296 888 1390 924 pater

1012 934 1090 967 Cum
1115 933 1185 965 sitis
1212 932 1360 972 essentia,

961 983 1007 1015 Et
1029 985 1061 1013 te
1084 981 1172 1021 parit
1196 980 1276 1012 mihi
1299 983 1412 1020 mater,

1011 1030 1107 1070 Virgo
1133 1029 1196 1061 viri
1217 1027 1336 1068 nescia,

960 1078 1048 1111 Deus
1073 1086 1161 1109 meus
1186 1085 1219 1108 es
1246 1078 1277 1107 et
1303 1075 1406 1108 frater

1009 1126 1047 1158 In
1073 1125 1177 1157 carnis
1202 1123 1391 1157 substantia.

963 1212 997 1245 Si
1021 1220 1073 1243 me
1094 1211 1158 1243 mei
1183 1210 1336 1242 creatoris

1011 1259 1175 1293 Abhorret
1203 1258 1366 1298 divinitas,

963 1307 1090 1340 Fratris
1114 1307 1177 1338 mei
1201 1306 1371 1338 salvatoris

1011 1355 1084 1387 Non
1109 1355 1178 1387 odit
1202 1354 1393 1392 humanitas,

963 1403 1032 1435 Nec
1057 1411 1109 1434 me
1133 1402 1196 1434 mei
1220 1401 1435 1442 redemptoris

1010 1450 1150 1492 Negabit
1173 1449 1365 1490 benignitas.

963 1538 1089 1570 Memor
1113 1538 1191 1577 esto,
1218 1535 1304 1576 quod
1330 1535 1468 1567 creando

1010 1585 1067 1618 Me
1091 1583 1198 1617 fecisti
1221 1583 1324 1616 filium

961 1634 1007 1666 Et
1030 1636 1064 1664 te
1087 1633 1166 1664 mihi
1188 1632 1268 1664 haec
1292 1631 1439 1664 mirando

1010 1681 1161 1713 Fratrem
1187 1679 1268 1711 facis
1292 1679 1470 1721 proprium,

964 1729 1016 1761 Ne
1040 1737 1091 1760 me
1113 1728 1231 1769 perdas
1258 1727 1499 1761 condemnando

1010 1775 1128 1809 Mortis
1152 1779 1227 1808 tuae
1250 1776 1399 1816 pretium.

965 1862 1045 1902 Quia
1068 1862 1177 1904 plecti,
1204 1870 1284 1902 quae
1308 1863 1453 1906 peccavi,

1012 1911 1076 1942 Per
1099 1919 1151 1942 me
1174 1919 1239 1942 non
1263 1910 1399 1952 sufficio,

967 1957 1160 1998 Indulgebit,
1185 1958 1271 1998 quod
1297 1959 1413 2002 erravi,

1012 2005 1117 2038 Patris
1142 2006 1315 2048 miseratio,

965 2054 1011 2086 Et
1035 2062 1113 2093 quas
1138 2062 1257 2094 poenas
1284 2055 1479 2096 comparavi,

1013 2100 1122 2133 Solvet
1148 2100 1259 2133 fratris
1286 2103 1404 2144 passio.

966 2187 1065 2226 Apud
1090 2190 1214 2226 patrem
1239 2189 1312 2228 plus
1337 2192 1479 2221 meretur

1013 2234 1153 2268 Insontis
1175 2236 1312 2278 justitia,

965 2282 1065 2322 Apud
1089 2284 1123 2315 te
1146 2284 1230 2325 plus,
1255 2286 1291 2316 ut
1317 2285 1456 2325 videtur,

1013 2330 1124 2363 Potest
1147 2332 1355 2373 poenitent-ia,

964 2377 1048 2410 Nam
1071 2380 1156 2418 quod
1180 2390 1200 2412 a
1223 2383 1256 2411 te
1279 2380 1353 2419 plus
1378 2384 1512 2424 ametur,

1011 2425 1154 2459 Probant
1177 2427 1415 2468 subsequentia.
