1653 2668
725 136 957 171 „33A

178 235 234 269 47.
261 234 425 274 Numquid
447 233 561 266 merita
584 236 766 267 sanctorum
872 236 925 269 50.
952 234 1029 268 Plus
1054 243 1162 268 amare
1186 243 1271 268 nunc
1295 234 1461 277 probatur,

309 282 497 315 Sanctitatis
523 290 630 325 opere,
1000 283 1060 317 Cui
1083 283 1155 325 plus
1180 282 1361 324 dimittitur,

262 331 378 363 Annon
404 340 493 363 amor
517 330 706 363 miserorum
951 330 996 364 Et
1022 332 1096 372 plus
1120 341 1230 364 amans
1253 331 1327 371 plus
1351 333 1495 372 amatur,

309 379 487 419 Lugentum
511 378 545 409 in
573 386 702 411 carcere
1001 379 1088 412 Cur?
1115 379 1189 420 quia
1212 379 1391 421 redimitur,

259 426 306 459 Te
332 426 444 467 coegit,
472 435 529 459 rex
556 427 725 467 coelorum,
951 427 1033 460 Nam
1059 428 1143 469 quod
1169 436 1243 460 care
1269 429 1482 468 comparatur,

309 475 364 509 Ad
385 477 506 507 terram
533 474 755 507 descendere?
1000 475 1112 509 Garius
1139 476 1294 517 diligitur.

178 552 234 586 48.
260 551 371 584 Potest
395 551 505 585 insons
529 553 562 583 te
587 550 742 584 factorem
870 553 925 586 51.
951 552 1031 593 Age,
1058 553 1145 593 JeSU,
1171 560 1288 593 quaeso
1314 552 1412 592 mitis,

308 599 435 640 Aliquis
459 599 630 641 inspicere,
1000 601 1059 640 Qui
1085 603 1228 633 errantes
1254 600 1388 640 respicis

262 647 327 680 Sed
352 650 385 679 te
409 656 482 680 reus
507 647 743 689 redemptorem
951 648 997 680 Et
1022 649 1182 681 conversis
1207 651 1239 681 et
1260 648 1404 681 contritis

311 695 424 728 Potest
446 696 519 736 plus
546 695 689 737 diligere,
998 697 1045 729 Te
1070 697 1154 742 dare.
1172 706 1235 729 non
1262 696 1410 737 despicis,

267 742 345 776 Cum
370 743 413 775 sis
439 753 537 786 amor,
565 747 738 776 amatorem
950 744 1107 777 Miserere
1132 743 1316 785 Sunamitis,

310 791 384 824 Non
410 794 501 831 potes
526 792 692 832 reponere.
998 792 1064 825 Sed
1086 793 1153 833 jam
1178 793 1226 824 tui
1250 792 1415 833 supplicis.

179 867 236 900 49.
265 867 347 900 Nam
373 870 405 899 te
429 871 512 900 teste
534 871 571 899 tu
598 868 719 909 dixisti,
868 871 923 903 52.
949 869 1037 909 Jesu,
1063 872 1148 901 meta
1165 868 1354 907 medicinae,

310 915 382 948 Non
404 915 508 955 justos
533 916 575 948 ad
601 916 735 957 gloriam
996 917 1152 950 Miserum
1175 926 1228 949 me
1250 917 1345 949 visita

261 962 308 995 Ut
331 971 473 1003 vocares,
498 972 562 996 non
587 964 712 1000 venisti,
945 965 990 998 Et
1014 974 1034 997 a
1057 965 1164 998 vinclo
1189 965 1302 998 mortis
1327 966 1431 997 trinae

309 1010 374 1043 Sed
398 1011 441 1043 ad
465 1012 696 1052 poenitentiam
994 1013 1051 1045 Me
1075 1012 1247 1046 foetentem
1272 1013 1392 1045 suscita

257 1059 458 1100 Peccatores,
486 1068 564 1101 quos
590 1059 717 1092 traxisti
947 1060 992 1093 Et
1018 1061 1060 1093 da
1083 1060 1180 1094 vitam
1206 1062 1276 1093 sine
1299 1059 1363 1092 fine

310 1107 373 1139 Per
397 1108 514 1140 amoris
539 1107 685 1147 gratiam.
995 1109 1120 1141 Pietate
1145 1109 1250 1142 solita.

591 1187 646 1219 53.
672 1185 755 1217 Mihi
779 1193 834 1218 reo
859 1186 1013 1218 miserere

720 1234 828 1275 Atque
853 1234 975 1266 cunctis
998 1234 1135 1275 miseris,

668 1282 706 1314 In
733 1282 895 1322 praesenti
919 1290 977 1314 nos
1002 1285 1094 1315 tuere

715 1329 761 1362 Et
784 1332 859 1371 post
883 1330 968 1362 diem
993 1329 1115 1363 funeris

666 1377 707 1409 In
732 1376 841 1411 futuro
866 1376 919 1410 fac
943 1378 1085 1420 gaudere

718 1425 881 1467 Perpetim
906 1435 976 1458 cum
1002 1426 1136 1467 superis¹

250 1500 424 1529 Orationale
443 1510 497 1529 ms.
518 1501 705 1530 Lehuinense
725 1503 796 1530 anni
819 1499 902 1531 1518.
933 1502 1005 1531 Cod.
1021 1502 1188 1530 Berolinen.
1202 1503 1247 1531 IV
1252 1505 1265 1518 ⁰
1280 1500 1327 1530 29.
1348 1517 1387 1522 -—·
1407 1500 1452 1537 11,
1476 1500 1490 1530 1

170 1540 310 1568 veritatis
324 1539 427 1575 judex.
452 1556 488 1560 ——
504 1537 551 1574 24,
573 1538 591 1568 5
611 1542 641 1568 et
661 1548 797 1568 errorem.
817 1556 855 1560 —-
875 1538 920 1576 52,
942 1540 958 1569 1
980 1540 1134 1568 medicina.

539 1689 584 1722 14.
624 1691 669 1722 De
689 1690 872 1723 Nativitate·
890 1691 923 1722 et
942 1690 1042 1723 Morte
1062 1690 1121 1723 DN.

194 1780 227 1814 1.
252 1781 333 1821 Ave,
359 1780 438 1814 Jesu
464 1779 656 1821 dulcissime,
883 1780 916 1814 3.
941 1781 1021 1824 Ave,
1051 1780 1139 1823 Jesu,

253 1828 395 1860 Verbum
418 1828 521 1868 patris
545 1828 711 1869 altissime,
992 1828 1046 1862 lux
1069 1827 1268 1869 indeficiens,

300 1877 401 1917 Quam
426 1876 560 1917 speciali
585 1877 689 1917 gloria
942 1876 1030 1910 Fons
1055 1879 1204 1909 aeternus

345 1923 517 1957 Hominem
542 1927 577 1956 tu
603 1925 773 1966 decorasti,
990 1928 1105 1958 cuncta
1125 1924 1283 1958 reficiens.

252 1972 313 2011 Qui
335 1973 371 2005 in
395 1973 536 2006 claustro
561 1972 783 2006 sanctissimae

252 2019 393 2061 Virginis
418 2030 457 2054 ac
480 2021 644 2062 piissimae

298 2068 408 2102 Sancti
433 2070 565 2111 spiritus
590 2069 695 2111 gratia

345 2118 483 2151 Praevia
505 2121 539 2150 te
561 2118 750 2153 incarnasti.

191 2177 225 2210 2.
251 2175 277 2208 Ο
302 2184 355 2208 res
380 2175 536 2208 mirabilis

248 2226 356 2264 Atque
380 2223 553 2257 laudabilis

296 2272 428 2305 Cunctis
453 2272 629 2317 dulcisona,

244 2320 349 2354 Homo
375 2320 579 2363 conjungitur
879 2324 912 2357 5.
938 2323 963 2356 O
989 2331 1084 2363 quam
1108 2322 1247 2364 gloriosa

245 2369 316 2403 Deo
342 2373 374 2403 et
398 2371 508 2403 unitur
938 2372 1045 2412 Atque
1070 2371 1225 2413 gaudiosa

883 2004 917 2037 4.
941 2003 1104 2044 Quamque
1128 2003 1267 2043 gratiose

939 2050 984 2084 Et
1009 2060 1103 2092 quam
1128 2049 1291 2084 fructuose

986 2099 1144 2133 Mundum
1170 2100 1333 2142 recreasti,

941 2148 1074 2189 Quando
1102 2147 1142 2181 de
1166 2148 1290 2189 virgine

937 2196 1062 2229 Lumen
1088 2197 1128 2229 de
1152 2196 1272 2229 lumine

987 2244 1085 2277 Nasci
1110 2244 1247 2280 voluisti.

289 2419 328 2451 In
352 2428 418 2452 una
441 2428 591 2460 persona,
983 2419 1063 2453 Dies
1091 2421 1251 2463 apparuit,

217 2479 348 2508 Dreveu.
363 2479 409 2504 Pia
421 2478 565 2505 Dictamina.
1293 2477 1312 2509 3
