1653 2668
225 244 256 277 9.
287 243 494 286 constipetur
519 246 675 280 classibus

329 292 434 327 Maris
458 295 609 336 latitudo,

281 339 390 382 Plebs,
416 341 568 384 Quirites,
594 352 756 385 proceres,

328 388 451 430 Regum
478 391 644 431 celsitudo,

281 436 336 469 Ire
360 437 388 470 si
413 446 506 479 quem
532 440 670 472 hostium

330 485 447 519 Terret
471 487 653 532 multitudo,

283 531 430 575 Novem,
456 536 543 575 quod
568 536 707 576 desuper

327 581 433 615 Datur
457 582 625 617 fortitudo.

199 647 254 681 10.
282 648 401 690 Surgat
424 649 621 683 invincibilis

329 698 446 730 Pastor
470 699 695 741 Romanorum,

281 745 481 786 Accingatur
505 746 622 779 nobilis

329 794 480 827 Probitas
505 795 716 834 Francorum,

281 842 484 874 Producatur
508 842 601 883 agilis

330 889 472 929 Populus
492 890 671 932 Anglorum

282 937 352 971 Nec
375 947 440 970 non
465 941 497 970 et
520 938 685 971 horribilis

330 986 442 1019 Turba
464 986 688 1020 Bohemorum.

828 148 898 185 259
946 169 993 174 —-

895 247 951 281 11.
978 247 1100 280 Sedens
1125 247 1230 279 adhuc
1253 246 1411 280 modicum

1027 296 1140 330 Oinere
1166 303 1338 336 conspersa

975 343 1079 376 Tuum
1102 344 1201 377 lauda
1223 343 1392 386 medicum,

1024 391 1143 425 Civitas
1169 391 1322 432 dispersa,

975 440 1028 472 Ad
1054 443 1086 473 te
1111 442 1221 472 nostra
1247 439 1394 472 convolat

1022 487 1107 520 Grens
1132 487 1215 519 bene
1240 496 1402 528 conversa,

974 535 1019 569 Ut
1041 541 1109 576 jam
1131 537 1164 567 te
1188 544 1251 568 non
1275 536 1396 568 incolat

1022 583 1139 616 Medus
1165 591 1268 624 neque
1293 584 1402 616 Persa.

894 651 949 683 12,
974 650 1028 682 Ad
1053 651 1113 682 hoc
1138 651 1264 683 sulcant
1288 660 1426 691 aequora

1023 699 1101 731 Plus
1127 707 1220 739 quam
1242 701 1328 731 rates
1352 699 1451 740 mille,

977 745 1096 779 Plenae
1120 750 1214 788 gente
1236 746 1340 779 libera

1023 794 1144 826 Mentis
1168 804 1232 827 non
1255 794 1403 835 pusillae,

975 842 1018 875 Ni
1043 851 1158 884 gurges
1182 843 1340 883 impediat

1027 890 1206 931 Charybdis
1233 893 1265 922 et
1289 890 1416 932 Samae,

978 938 1096 970 Tutum
1122 941 1178 979 est,
1202 941 1239 970 ut
1263 937 1366 980 fugiat

1020 985 1125 1019 Filius
1149 986 1296 1019 ancillae.

572 1054 628 1088 13.
653 1053 741 1093 Ergo
766 1061 851 1085 nune
874 1052 1056 1085 accelerent

704 1100 820 1133 Fortes
845 1101 1018 1142 regionum,

659 1149 762 1183 Cedat
785 1157 875 1181 amor
899 1149 1062 1188 sanguinis

704 1197 751 1229 Et
777 1196 1008 1238 cognationum,

658 1244 777 1278 Aderiiz
799 1245 834 1277 in
852 1245 976 1285 proelio

706 1293 794 1325 Deus
817 1293 984 1335 ultionum,

661 1341 757 1381 Cujus
784 1340 878 1374 cadet
902 1340 1034 1373 brachio

705 1389 818 1423 Robur
840 1389 1013 1422 nationum.

279 1455 349 1484 cod.
370 1455 466 1484 Palae.
487 1456 691 1485 vindobonen.
712 1455 761 1491 (ol.
784 1453 934 1492 Gampen.)
953 1452 1010 1483 883
1031 1463 1107 1484 saec.
1129 1452 1203 1483 14lte.

656 1605 723 1638 229.
761 1606 806 1638 De
828 1604 919 1638 Ghori
945 1604 1061 1638 Officio.

202 1717 233 1751 1.
258 1716 345 1750 Dum
371 1717 403 1749 in
429 1719 522 1750 nocte
543 1716 637 1750 video

306 1766 341 1798 in
368 1765 464 1799 choro
488 1767 678 1798 conventum

256 1814 302 1848 Et
325 1814 370 1846 ad
394 1813 525 1846 laudem
549 1813 680 1847 Domini

305 1862 480 1904 quemlibet
503 1864 673 1903 intentum,

255 1911 339 1945 Esse
363 1920 414 1943 me
440 1910 607 1944 considero

305 1962 342 1992 ut
366 1959 409 1992 ad
434 1961 680 2000 tornamentum,

258 2008 326 2042 Ubi
349 2017 414 2041 non
439 2011 489 2041 est
512 2008 636 2040 licitum

305 2057 354 2090 ire
379 2056 621 2090 somnolentum.

197 2127 230 2160 2.
258 2125 506 2158 Tornamentum
531 2124 627 2157 ludus
653 2127 701 2156 est

328 2171 460 2206 fortium
484 2173 635 2214 virorum,

258 2222 396 2256 Strenue
420 2222 631 2263 pugnant-ium

306 2274 340 2304 et
362 2280 427 2304 non
452 2270 654 2313 pavidorum,

251 2320 373 2363 Quibus
398 2319 481 2353 bene
511 2319 660 2352 convenit

302 2368 383 2402 ordo
408 2369 596 2410 griseorum,

254 2420 396 2461 Quorum
420 2417 527 2452 nullus
553 2417 682 2459 tepidus

298 2468 402 2500 intret
422 2467 496 2508 jure
522 2466 663 2501 chorum.

894 1717 924 1750 3.
952 1715 1200 1748 Tornamentum
1230 1714 1354 1755 longius

999 1763 1125 1805 quaerit
1147 1763 1250 1795 bonus
1274 1763 1376 1804 miles,

950 1812 996 1846 Ut
1019 1811 1159 1852 probare
1183 1811 1291 1844 valeat

999 1860 1084 1892 vires
1106 1859 1276 1901 juveniles,

951 1908 1129 1941 Matutinas
1154 1907 1302 1941 monachi

1000 1958 1049 1989 sio
1071 1959 1188 1997 petunt
1210 1956 1332 1997 viriles,

952 2007 1036 2046 Quas
1062 2004 1249 2046 frequenter
1272 2004 1419 2038 nesciunt

1000 2053 1206 2094 frequentare
1231 2053 1322 2088 viles.

892 2125 924 2157 4.
951 2123 1066 2164 Reges,
1095 2121 1202 2162 duces,
1228 2121 1359 2154 comites

1000 2170 1113 2203 Solent
1137 2179 1287 2203 exercere

951 2218 1179 2262 Tornamenta‚
1206 2221 1242 2251 ut
1266 2220 1385 2260 queant

998 2268 1127 2300 saeculo
1155 2268 1296 2309 placere,

951 2317 1005 2351 Sic
1029 2317 1063 2350 in
1089 2316 1185 2349 choro
1210 2316 1359 2350 monachi

996 2376 1061 2399 non
1087 2365 1206 2399 debent
1229 2365 1336 2408 silere,

951 2415 996 2449 Ut
1018 2415 1148 2448 laudem
1173 2423 1193 2447 a
1216 2414 1354 2448 Domino

998 2463 1129 2498 valeant
1151 2463 1281 2498 habere.

1295 2518 1353 2551 17*
