1653 2668
642 148 906 185 -131—

126 244 182 277 21.
208 245 290 285 Ave,
318 244 411 277 Jesse
435 243 494 278 flos
522 246 657 288 decoris,

206 292 424 325 Mundissima
449 294 538 326 stilla
562 295 655 338 roriS‚

207 339 327 373 Nobile
350 344 386 373 tu
411 351 468 374 vas
493 342 634 385 honoris,

208 388 258 421 Tu
283 389 381 421 totius
408 388 480 422 fons
505 391 633 425 amoris

820 249 874 281 22.
900 248 981 289 Ave,
1008 256 1119 281 arvum
1145 246 1212 279 veri
1236 245 1353 286 David,

901 297 1021 328 Auster
1044 296 1126 328 lenis
1151 297 1183 327 te
1207 292 1357 335 perflavit

900 344 946 376 Et
968 342 1135 385 perflando
1159 341 1356 383 fecundavit,

900 392 952 424 Ex
977 396 1009 425 te
1034 394 1127 424 natus
1153 394 1185 423 te
1211 391 1341 425 creavit,

202 454 534 484 001111111030611476.
548 464 624 485 saec.
638 454 681 485 15.
692 472 730 476 —
745 456 829 485 Nach
846 456 870 492 1⁷
884 456 904 485 4
918 458 994 495 folgt
1002 459 1094 486 noch:
1109 457 1217 487 Nobile
1227 456 1397 485 triclinium.
1405 470 1444 476 —

124 491 150 528 8,
174 491 190 521 1
210 494 298 522 homo
319 495 448 530 pietatis.
470 510 509 515 -
529 493 555 530 8,
577 492 595 523 3
615 496 709 524 virtus
730 496 863 523 salvatis.
883 511 922 517 —
942 481 1006 530 9,1
1027 498 1142 533 gratiae
1161 496 1241 524 fehlt.
1263 510 1300 515 —
1316 492 1359 529 15,
1381 492 1422 522 2·
1413 504 1445 522 111

123 532 204 560 fehlt.
224 547 263 553 ——
285 530 336 567 16,
357 530 375 560 2
396 533 496 569 prolis.
518 548 554 552 —
578 531 630 567 17,
652 532 669 561 2
690 534 753 562 Ave
774 535 903 571 erganzt
924 549 961 554 —-
984 533 1029 568 18,
1027 519 1067 563 3
1086 536 1134 563 Tu.
1153 535 1280 572 ergfinzt
1301 548 1339 553 -—
1359 531 1406 569 20,
1426 530 1444 561 3

123 573 206 607 virgo
228 573 321 600 mater
335 571 416 599 fehlt.
434 586 467 590 —
490 569 535 606 21,
557 569 575 598 2
596 572 692 600 stella.
713 587 751 591 —
771 570 816 607 21,
838 570 855 601 3
874 575 907 601 tu
920 573 1002 601 fehlt.
1016 587 1054 592 —
1074 570 1120 608 21,
1140 572 1160 600 4
1178 574 1224 601 Tu
1238 575 1355 601 sanctus
1369 573 1443 600 fons.

577 702 641 736 105.
682 702 729 735 Ad
748 703 781 735 B.
804 702 937 736 Mariam
956 704 991 736 V.

128 796 160 830 1.
187 795 339 828 Gloriosa
361 798 465 828 mater
487 795 562 837 Dei,

184 844 266 884 Spes
291 843 415 885 salutiS,
442 846 537 884 porta
561 843 642 884 spei,

184 892 350 925 Medicina
376 892 482 924 cordis
508 893 567 933 rei,

184 940 356 982 Miserere,
382 949 500 980 precor
525 940 598 975 mei,

128 1000 160 1031 2.
185 999 264 1031 Vita
288 999 404 1039 turpiS,
432 997 529 1031 sorde
554 998 678 1039 plenus,

189 1046 312 1087 Gulpae
336 1054 450 1088 gerens
476 1055 569 1078 omno
593 1055 703 1087 genus,

186 1095 396 1127 Peccatorum
421 1094 515 1127 triste
540 1093 663 1134 foenuS,

187 1143 288 1176 Porro
310 1151 437 1184 pauper
462 1145 495 1174 et
520 1150 647 1183 egenus.

131 1202 161 1235 3.
189 1201 417 1233 Fundamenta
440 1200 554 1233 mortis
577 1200 652 1240 jeci,
822 1200 876 1233 10,

72 1248 75 1251 “
189 1249 251 1282 Vix
275 1250 413 1290 respiro,
437 1249 506 1290 J'am
533 1246 648 1287 defeci,

187 1297 253 1331 Sed
278 1298 412 1338 abyssus
439 1296 546 1330 cordis
574 1296 660 1328 caeci

191 1346 264 1379 Non
289 1346 413 1378 resistit
436 1349 511 1378 tuae
535 1345 635 1385 preci.

129 1406 162 1440 4.
189 1404 290 1436 Prece
312 1407 405 1445 potes
428 1411 592 1444 reparare,
823 1402 876 1435 11.

189 1452 282 1491 Quod
306 1452 467 1484 horrescit
491 1460 581 1484 mens
606 1459 723 1493 amare,
906 1450 967 1482 Cor
992 1459 1027 1482 se
1052 1448 1167 1482 fundat
1191 1450 1225 1482 in
1250 1449 1416 1490 singultus,

188 1500 258 1533 Nec
279 1503 388 1533 reatus
410 1503 519 1540 potest
542 1502 640 1541 stare,
903 1498 974 1529 Nec
996 1498 1130 1530 hostiles
1155 1498 1197 1530 ad
1222 1498 1362 1529 assultus

185 1549 252 1583 Pro
278 1558 339 1590 quo
364 1549 444 1581 velis
470 1548 664 1589 supplicare.
902 1545 1046 1587 Frangat
1070 1554 1131 1586 ope
1155 1547 1210 1577 tua
1232 1544 1341 1578 fultus.

128 1608 158 1639 5.
185 1607 308 1640 Horret
333 1607 463 1647 quidem
488 1608 590 1638 status
615 1605 742 1646 mentiS,
820 1606 874 1639 12.
902 1603 964 1637 Sed
991 1604 1025 1636 in
1050 1612 1106 1636 ore
1131 1604 1309 1644 peccatoris

186 1655 324 1696 Dignam
353 1655 463 1688 videns
489 1662 524 1687 se
550 1655 726 1694 tormentis,
902 1652 1010 1684 Habet
1033 1661 1147 1692 parum
1171 1652 1241 1684 laus
1268 1651 1398 1693 favoris,

185 1703 299 1736 Nostri
325 1705 448 1736 vultum
473 1702 688 1743 praesidentis
902 1700 976 1732 Nisi
999 1702 1106 1740 tergat
1128 1700 1179 1732 vis
1204 1700 1321 1733 amoris

185 1751 284 1785 Fletu
306 1752 416 1794 placet
441 1754 474 1784 et
497 1751 658 1785 lamentis,
899 1749 1019 1782 Mentis
1046 1749 1167 1788 culpas,
1192 1748 1304 1781 sordes
1329 1749 1405 1783 oris.

128 1813 160 1845 6.
187 1810 251 1844 Sed
277 1812 386 1843 reatus
411 1810 552 1850 linguam
577 1808 666 1849 ligat,
821 1808 875 1841 13.
903 1806 976 1839 Non
1001 1807 1063 1839 hoc
1088 1815 1145 1847 ego
1173 1806 1285 1847 dignus
1312 1806 1406 1849 bono,

185 1860 377 1901 Stuporatus
405 1867 459 1891 cor
484 1856 611 1899 fatigat,
902 1854 999 1896 Spem
1023 1853 1187 1896 profectus
1211 1855 1243 1886 in
1267 1857 1300 1886 te
1325 1863 1418 1896 pono,

187 1907 335 1941 Rationis
360 1907 416 1939 lux
443 1906 570 1950 caligat,
906 1903 975 1936 Tuo
1002 1902 1147 1936 Christus
1172 1901 1230 1934 fiat
1257 1903 1338 1935 dono

184 1956 256 1989 Nec
276 1965 331 1988 ros
356 1956 458 1988 bonus
483 1958 622 1987 mentem
649 1954 743 1995 rigat.
906 1952 1046 1984 Nostrae
1069 1952 1175 1984 laudis
1198 1951 1301 1984 laetus
1326 1960 1415 1988 sono.

128 2016 159 2050 7.
186 2017 226 2049 In
250 2013 447 2056 profundum
472 2013 572 2046 maris
596 2012 681 2054 veni,
824 2012 879 2046 14,
906 2009 961 2043 Sic
982 2010 1112 2043 detersa
1134 2008 1208 2042 labe
1233 2007 1358 2042 fraudis

185 2063 318 2105 Mcrgor
343 2065 435 2095 aestu
459 2062 518 2094 sub
545 2061 666 2102 effreni,
905 2059 1066 2099 Hymnum
1086 2058 1190 2091 dicam
1207 2066 1318 2090 sacrae
1335 2059 1450 2097 laudis,

186 2112 230 2145 Ni
255 2114 422 2152 respectus
448 2119 498 2143 mc
523 2110 631 2142 sereni
904 2107 1009 2140 Audit
1028 2105 1182 2149 Christus,
1210 2115 1289 2148 quos
1308 2108 1451 2147 exaudis,

188 2160 381 2195 consolatur
406 2168 486 2191 aura
509 2158 586 2192 leni.
905 2156 1011 2189 Aures
1030 2155 1160 2196 claudit,
1184 2154 1299 2195 quibus
1318 2155 1452 2189 claudis,

477 2218 533 2251 15.
559 2217 658 2258 Ergo,
684 2219 799 2258 mater,
825 2225 904 2257 roga
928 2216 1048 2254 natum,

560 2265 612 2298 Ne
636 2275 695 2298 nos
721 2266 853 2299 damnet
876 2265 915 2297 ob
942 2265 1077 2303 reatum,

560 2314 626 2347 Sed
649 2318 725 2355 post
749 2324 829 2356 opus
856 2313 1106 2345 consummatum

556 2363 672 2397 Finem
699 2364 796 2397 ducat
819 2362 861 2396 ad
887 2362 1025 2395 beatum.

125 2474 191 2506 &bb
206 2434 279 2488 (5on
304 2433 449 2461 Parisien.
480 2428 565 2459 3639.
598 2438 674 2459 saec.
698 2427 773 2459 151'10.
821 2429 879 2458 Mit
904 2428 956 2457 der
981 2426 1262 2465 Randbemerkung:

194 2475 260 2502 atis.

845 797 876 830 8.
903 796 1000 839 Ergo,
1026 798 1129 829 mater
1153 796 1294 836 pietatis,

901 844 1069 884 Templum
1094 843 1181 877 facta
1206 844 1346 884 pietatis,

902 892 952 924 Ne
977 893 1144 933 desperem
1169 892 1226 924 sub
1252 892 1403 933 peccatis,

901 940 1027 973 Motum
1052 941 1131 973 seda
1156 940 1364 980 tempestatis

845 999 876 1032 9.
903 998 1118 1038 Tempestatis
1142 998 1221 1030 seda
1245 1000 1364 1030 motum

906 1045 949 1077 Et
975 1046 1106 1078 coelesti
1131 1055 1204 1078 rore
1228 1046 1329 1078 lotum

898 1094 966 1127 Fac
990 1102 1041 1126 me
1065 1102 1175 1126 rursus
1201 1092 1269 1126 Deo
1294 1095 1414 1135 notum,

904 1142 1033 1174 Novans
1058 1142 1091 1174 in
1116 1150 1167 1174 me
1193 1150 1247 1173 cor
1274 1141 1431 1174 devotum.

904 1198 1067 1240 Spiritalis
1091 1199 1259 1240 medicina,

903 1247 1000 1280 Solve
1022 1247 1173 1289 linguam,
1202 1255 1256 1279 cor
1278 1247 1411 1286 inclina,

906 1297 951 1330 Ut
974 1304 1144 1338 resurgens
1170 1305 1189 1327 a
1213 1296 1307 1328 ruina

902 1344 997 1376 Mens
1018 1344 1143 1376 levetur
1167 1344 1209 1377 ad
1236 1344 1353 1376 divina.

905 1401 1017 1434 Solvat
1050 1402 1177 1434 laudem
1202 1401 1311 1442 lingua
1337 1402 1447 1445 cultus,

1306 2428 1456 2466 „Philippi

1241 2514 1282 2543 9*
