1653 2668
691 135 953 172 -104—

196 264 204 273 .
231 240 303 273 Jam
330 239 479 271 dilectum
504 235 737 276 contemplariS,
855 234 884 266 5.
911 232 1028 275 Maria,
1053 232 1157 264 mater
1181 231 1313 271 gratiae,

232 285 483 327 Contemplando
507 283 680 324 veneraris,
912 281 1019 313 Mater
1043 277 1295 320 misericordiae,

232 334 418 367 Venerando
444 331 606 370 oscularis,
913 328 962 360 De
986 328 1060 360 lacu
1083 335 1141 358 nos
1166 326 1316 358 miseriae

229 382 408 414 Osculando
430 378 626 420 jucundaris
912 374 1067 408 Transfer
1090 374 1132 406 ad
1157 383 1290 414 regnum
1315 372 1447 414 gloriae.

196 463 203 472 .
230 439 327 471 Porta
352 437 441 477 coeli,
465 436 559 468 stella
582 435 690 475 maris,
854 435 884 468 6.
911 433 936 465 O
960 433 1078 473 Maria,
1104 431 1283 470 considera,

229 486 344 518 Mundi
368 486 479 525 portus
503 483 662 522 salutaris,
912 480 1002 519 Quod
1027 482 1162 520 propter
1186 488 1243 510 nos
1268 486 1429 518 puerpera

231 533 361 565 Gemma
386 532 466 563 coeli
490 530 670 572 singularis,
912 527 973 570 Sis,
1001 530 1033 559 et
1057 526 1142 568 quod
1166 528 1222 558 tua
1246 525 1348 557 ubera

229 580 405 620 Margarita
431 586 545 618 expers
567 578 666 617 paris.
911 575 1012 615 Suxit,
1039 574 1094 615 qui
1116 574 1200 613 regit
1224 573 1366 606 aethera.

253 644 320 672 Cod.
340 644 435 672 Palat.
455 643 659 671 Vindobonen.
679 640 728 677 (01.
750 639 899 676 Campen.)
917 637 983 668 883.
1004 648 1080 668 saec.
1099 635 1175 667 141115.

660 754 708 785 84.
748 753 792 784 De
812 751 977 783 Trinitate.

190 850 197 858 .
226 824 346 866 Gaude,
372 824 449 856 felix
474 826 506 855 et
530 823 633 862 beata,
851 823 882 855 2.
910 821 959 853 Tu
982 821 1085 862 patris
1111 828 1145 851 es
1170 819 1330 861 solatium,

225 872 292 904 Deo
318 871 403 912 patri
429 874 623 909 consecrata,
911 868 1030 901 Christi
1052 868 1161 908 regale
1185 867 1311 908 solium,

229 919 334 951 Verbo
359 918 421 952 Dei
444 919 654 959 impregnata,
910 916 1063 948 Paracliti
1090 915 1277 957 sacrarium,

228 967 344 999 Sancto
366 966 482 1007 spiritu
508 966 626 998 dotata.
910 964 1080 997 Trinitatis
1105 963 1293 997 triclinium.

562 1024 594 1056 3.
622 1022 688 1054 Nos
715 1021 901 1053 commenda
929 1021 1076 1061 trinitati,

618 1070 753 1102 Sanctae
777 1068 879 1108 patris
904 1068 1041 1101 bonitati

616 1117 755 1157 Filiique
778 1116 901 1159 pietati,

617 1164 756 1204 Spiritus
781 1163 980 1204 benignitati.

246 1230 314 1258 Ood.
335 1230 429 1258 Palat.
449 1230 653 1257 Vindobonen.
673 1228 722 1265 (ol.
743 1228 893 1265 Campen.)
912 1226 977 1257 883.
999 1237 1075 1257 saec.
1098 1226 1171 1257 l⁴²l1[·.

614 1331 661 1363 85.
701 1332 746 1363 De
765 1331 873 1362 saneto
894 1331 1024 1371 Spiritu.

193 1426 200 1433 .
229 1401 350 1439 Gaude,
377 1410 469 1442 quam
493 1405 621 1433 sanctus
646 1402 778 1442 spiritus
852 1403 882 1435 5.
909 1402 960 1434 Ex
986 1404 1019 1433 te
1044 1410 1172 1435 carnem
1198 1411 1361 1434 assumere

223 1450 260 1481 In
288 1453 398 1482 ventre
422 1449 533 1480 matris
558 1450 706 1489 primitus
907 1450 1025 1493 Elegit,
1052 1453 1088 1482 ut
1111 1450 1271 1482 redimere

224 1496 428 1529 consecravit
455 1496 605 1529 divinitus
907 1497 1021 1529 Posset
1044 1506 1103 1530 nos
1129 1500 1162 1529 et
1186 1498 1324 1529 educere

223 1544 267 1576 Et
291 1545 338 1576 ‘ic
359 1544 496 1585 replevit
519 1545 656 1584 penitus.
907 1545 1054 1578 Christus
1082 1545 1122 1577 de
1145 1545 1259 1577 mortis
1290 1554 1429 1578 carcere.

192 1628 198 1635 .
225 1601 311 1634 Hinc
337 1602 452 1633 devota
475 1601 646 1644 humilitas,
846 1603 879 1635 6.
904 1601 1012 1634 Mater
1037 1602 1100 1634 Dei
1125 1602 1200 1633 hinc
1224 1603 1348 1635 vocaris

222 1649 308 1680 Hinc
330 1649 392 1680 tibi
414 1647 553 1689 flagrans
578 1650 707 1691 caritas,
904 1649 950 1681 Et
969 1651 1084 1690 regina
1104 1650 1291 1691 appellaris,

223 1696 308 1728 Hinc
333 1696 471 1728 fecunda
494 1696 671 1737 virginitas,
906 1696 1012 1740 Coelo,
1040 1701 1148 1730 terrae
1174 1698 1348 1730 dominaris

218 1743 304 1776 Hinc
327 1745 479 1776 virtutum
505 1742 696 1778 fecunditas.
903 1744 947 1777 Et
972 1755 992 1777 a
1020 1745 1142 1777 cunctis
1169 1747 1341 1779 veneraris.

163 1822 193 1834 ‚,
220 1801 288 1833 Nos
314 1803 465 1842 purgatos
490 1810 510 1832 a
533 1802 673 1840 peccatis
846 1803 875 1835 7.
904 1802 1005 1834 Nobis
1028 1812 1087 1843 pro
1111 1805 1202 1834 tanto
1228 1812 1359 1836 munere

219 1849 305 1880 Rore
330 1849 399 1889 riga
423 1849 612 1892 sanctitatis,
902 1850 1009 1882 Debes
1031 1851 1105 1890 jure
1128 1859 1316 1883 succurrere

219 1895 333 1928 Gratia
356 1896 458 1928 sancti
483 1897 662 1936 pneumatis
902 1897 947 1930 Et
972 1899 1126 1931 contritos
1151 1899 1316 1939 suscipere

216 1943 261 1975 Et
282 1945 399 1976 ardore
421 1944 574 1975 caritatis.
900 1945 1032 1985 Deoque
1056 1946 1236 1979 restituere.

184 2026 191 2034 .
216 2001 389 2042 Memento,
418 2009 475 2033 cur
499 2002 625 2042 eligeris
842 2004 876 2036 8.
901 2002 950 2034 Te
974 2011 1048 2043 ergo
1075 2000 1166 2035 flexis
1192 2004 1325 2044 genibus

219 2049 277 2080 Vel
301 2058 358 2081 cur
381 2053 483 2080 mater
508 2048 654 2089 efficeris,
902 2049 1037 2082 Oramus
1062 2059 1102 2083 ac
1126 2051 1306 2094 gemitibus,

216 2097 305 2136 Quod
331 2106 406 2129 vere
430 2097 458 2127 si
480 2098 701 2138 perpenderis,
900 2097 945 2130 Ut
969 2098 1003 2130 in
1028 2099 1176 2139 supernis
1202 2100 1333 2134 sedibus

217 2144 346 2176 Homini
371 2144 583 2178 misereberis.
900 2146 1078 2186 Jungamur
1103 2147 1184 2179 coeli
1210 2148 1343 2181 civibus.

539 2203 570 2236 9.
596 2202 662 2236 Ubi
688 2200 776 2233 felici
799 2201 916 2242 gaudio

601 2250 664 2282 Dei
688 2258 726 2281 ac
750 2250 805 2280 tuo
830 2247 897 2281 filio

599 2298 759 2330 Fruamur
784 2299 817 2327 et
836 2296 917 2328 haec
942 2298 1025 2330 actio

600 2345 722 2378 Nostra
746 2343 790 2375 sit
811 2344 882 2376 iaus
909 2348 941 2376 et
962 2346 1054 2380 visio.

233 2408 303 2437 Cod.
324 2409 417 2437 Palat.
438 2409 642 2437 Vindobonen.
662 2408 711 2445 (01.
736 2407 887 2445 Campen.)
906 2407 971 2438 883.
993 2420 1069 2440 saec.
1091 2410 1166 2441 ¹⁴l15.
