1653 2668
205 209 237 241 7.

175 1375 227 1406 10.

172 1762 226 1794 11.

167 2323 199 2356 1.

263 206 435 249 Dignitatis
459 205 561 247 glon'a

313 258 345 287 et
367 254 439 287 novi
463 254 597 285 honores

265 302 459 335 Convertunt
482 299 688 333 humillimum

311 353 343 382 et
365 350 551 390 pervertunt
573 354 688 385 mores,

261 398 350 438 Quod
374 397 423 428 sui
448 395 644 428 obliviscitur

307 453 458 486 spernens
486 443 644 484 digniores

258 493 302 525 Et
324 493 450 533 ignorat
472 490 573 523 socios

308 542 427 572 stantes
453 540 527 570 ante
550 536 646 569 fores.

263 597 380 628 Vivere
403 596 472 628 vult
495 594 664 634 splendide

305 652 377 676 raro
402 646 488 675 stans
512 642 545 673 in
572 642 676 680 choro,

262 691 308 724 Ob
332 700 388 724 sua
413 689 527 722 solatia

308 746 403 778 saepe
428 740 477 769 est
498 737 532 769 in
557 735 637 774 foro,

258 786 318 818 Vel
340 787 522 826 languorem
545 784 696 815 simulans

304 842 340 865 se
362 833 470 864 locans
493 832 528 864 in
552 832 661 863 thoro:

256 880 327 912 Heu
353 889 410 923 me,
438 881 525 919 dicit,
551 886 733 918 pauperem,

303 931 449 968 quantum
476 935 559 959 nunc
581 927 702 958 laboro.

256 984 431 1017 Monachus
455 985 484 1016 si
510 984 649 1023 eoeperit

301 1040 423 1072 pauper
445 1035 620 1072 aegrotare,

254 1079 395 1111 Docetur
418 1088 497 1119 prae
521 1079 664 1110 omnibus

300 1127 370 1159 olus
393 1127 596 1166 manducare,

253 1174 307 1206 Ad
333 1175 460 1206 chorum
484 1175 517 1206 in
541 1173 648 1205 triduo

301 1231 363 1254 non
388 1221 494 1253 differt
518 1229 670 1260 remeare,

257 1268 316 1307 Qui
340 1268 432 1301 fieret
452 1268 613 1311 libentius,

302 1316 423 1357 cogitur
449 1319 586 1350 cantare.

253 1372 303 1404 De
328 1372 445 1406 Christi
466 1373 658 1413 pauperibus

301 1421 397 1460 pauci
420 1421 539 1453 habent
564 1429 682 1460 curam,

253 1467 311 1506 Qui
335 1472 448 1509 gerunt
472 1468 666 1508 frequentius

299 1519 518 1555 paupertatem
541 1525 664 1556 puram,

252 1562 314 1594 Sed
340 1564 392 1604 qui
417 1566 523 1603 potest
548 1572 672 1603 capere,

298 1609 379 1651 fugit
403 1612 500 1644 vitam
522 1611 633 1643 duram

252 1657 296 1689 Et
321 1659 399 1691 vivit
423 1660 465 1691 ad
489 1658 614 1691 libitum

301 1714 412 1746 regens
436 1706 661 1747 praelaturam.

252 1761 307 1794 Nil
332 1764 372 1795 de
396 1764 548 1803 praelatis
573 1762 689 1804 refero,

299 1811 352 1851 qui
376 1820 460 1843 nunc
484 1814 655 1844 onerantur

250 1856 294 1888 Et
317 1867 375 1898 pro
400 1859 464 1890 suis
489 1859 625 1891 subditis

298 1905 350 1937 hic
374 1906 593 1948 sollicitantur,

248 1952 375 1993 Amant,
401 1959 524 1995 regunt,
551 1956 713 1996 corrigunt

293 2009 395 2041 neque
416 2002 616 2043 indurantur,

248 2047 334 2080 Deus
361 2049 423 2089 det,
451 2046 512 2094 [ut]
538 2051 687 2090 gaudium

294 2096 348 2127 isti
373 2100 613 2138 consequantur.

795 106 865 139 248
916 122 960 130 ——-

866 202 919 235 12.
943 201 1007 234 Sed
1032 202 1106 233 sunt
1131 201 1177 233 dii
1201 200 1351 242 gentium,

993 248 1158 282 daemonia
1181 249 1328 290 praelati,

945 296 1003 336 Qui
1027 297 1081 329 hic
1103 297 1168 328 suis
1192 297 1329 330 subditis

988 354 1052 377 non
1074 347 1148 377 sunt
1171 345 1326 385 inclinati,

944 392 998 424 Ad
1024 402 1156 433 quorum
1182 393 1358 426 custodiam

990 445 1064 472 sunt
1089 440 1141 472 hic
1163 441 1317 482 deputati,

939 487 1008 520 Nec
1031 491 1146 529 regunt
1168 498 1228 520 nec
1253 488 1399 530 diligunt,

995 537 1075 568 socii
1098 536 1206 570 Pilati.

860 594 916 627 13.
941 593 1162 626 Praelatorum
1188 594 1313 626 viscera

990 642 1064 673 dum
1089 641 1229 682 gaudent
1251 642 1385 682 repleta,

943 688 1035 720 Tunc
1057 690 1212 722 clamatur
1237 689 1344 732 altius,

990 740 1120 769 cantant
1143 740 1250 769 mente
1273 737 1367 778 laeta,

939 783 1067 825 Jubent,
1094 787 1131 816 ut
1154 785 1301 817 similiter

987 833 1125 864 clament
1146 832 1205 864 tali
1227 835 1324 872 meta,

940 878 1078 918 Quorum
1099 880 1133 911 in
1155 880 1276 920 J'eJunio

985 926 1134 968 frequens
1160 931 1209 959 est
1235 927 1330 960 dieta.

856 984 912 1017 14.
938 983 1034 1017 Ultra
1056 985 1185 1017 modum
1213 985 1352 1018 debitum

989 1036 1104 1074 cogunt
1127 1032 1275 1065 laborare

937 1079 1121 1119 Subjectum
1147 1080 1210 1112 sibi
1234 1081 1396 1124 populum,

985 1128 1117 1160 student
1140 1126 1288 1168 fatigare,

941 1173 1122 1215 Cogitantes
1145 1176 1231 1208 intra
1255 1184 1299 1217 se,

984 1222 1017 1254 ln'
1041 1224 1146 1255 solent
1168 1232 1376 1265 murmurare,

937 1269 1120 1303 Obruantur
1144 1280 1251 1313 onere,

982 1327 1024 1349 ne
1046 1318 1171 1358 possint
1193 1328 1319 1353 vacare.

856 1374 908 1407 15.
935 1373 980 1407 Et
1005 1375 1032 1406 si
1057 1374 1175 1408 fratres
1200 1377 1285 1408 inter
1309 1386 1345 1409 se

980 1423 1092 1455 volunt
1116 1423 1304 1457 discordare

934 1470 996 1502 Pro
1024 1479 1119 1504 causa
1142 1474 1208 1503 tam
1231 1472 1372 1515 minima,

981 1519 1094 1550 nolunt
1116 1528 1270 1552 revocare

932 1565 997 1598 Eos
1023 1567 1066 1598 ad
1090 1568 1295 1600 concordiam

980 1614 1154 1654 rogitantes
1180 1624 1287 1657 quare,

932 1662 1000 1694 Isto
1025 1663 1119 1694 modo
1143 1671 1311 1702 possumus

980 1717 1043 1741 non
1066 1710 1100 1741 in
1125 1719 1204 1749 pace
1227 1715 1322 1742 stare.

852 1765 906 1798 16.
933 1765 987 1798 Sic
1011 1767 1133 1799 vadunt
1156 1768 1199 1799 ad
1223 1768 1386 1801 interitum

982 1822 1051 1845 cum
1076 1823 1133 1846 suo
1158 1824 1235 1855 grex
1259 1819 1397 1858 pastore,

932 1861 1027 1894 Plebs
1053 1861 1226 1902 plebanum
1251 1864 1395 1904 sequitur

982 1908 1155 1942 bestiarum
1179 1920 1277 1954 more,

931 1956 1062 1989 Seducit
1085 1961 1179 1998 pater
1203 1958 1285 1991 filios

976 2005 1092 2038 misero
1122 2014 1241 2048 errore,

930 2052 973 2085 Et
999 2053 1047 2084 sic
1069 2058 1258 2094 premuntur
1283 2057 1408 2089 animae

977 2105 1132 2141 perpetuo
1157 2103 1276 2136 dolore.

243 2160 311 2187 Ood.
331 2162 506 2191 Zwethalen.
529 2162 546 2191 6
566 2173 641 2192 saec.
668 2163 711 2192 12.
733 2165 798 2193 add.
820 2173 896 2194 saec.
918 2165 962 2195 14,

578 2258 646 2290 224.
687 2258 786 2291 Prosa
806 2258 842 2291 de
862 2259 1050 2302 Evangelio.

223 2322 412 2357 Parabolam
434 2327 522 2359 vitae

225 2370 337 2403 Omnes
360 2373 441 2405 hanc
464 2375 581 2410 audite.

223 2416 297 2450 Sine
323 2420 394 2453 dolo
417 2425 449 2454 et
471 2423 540 2455 sine
563 2424 621 2456 lite

900 2332 1078 2366 Unanimus
1102 2334 1159 2375 ite,

845 2380 877 2412 5.
903 2379 953 2412 Ne
978 2381 1019 2413 de
1042 2391 1119 2414 vera
1144 2383 1210 2415 vite

905 2427 1035 2462 Cadatis
1062 2430 1160 2463 excisi
