<?xml version="1.0" encoding="UTF-8"?>
<!DOCTYPE html PUBLIC "-//W3C//DTD XHTML 1.0 Transitional//EN"
    "http://www.w3.org/TR/xhtml1/DTD/xhtml1-transitional.dtd">
<html xmlns="http://www.w3.org/1999/xhtml" xml:lang="en" lang="en">
 <head>
  <title>
</title>
<meta http-equiv="Content-Type" content="text/html;charset=utf-8" />
  <meta name='ocr-system' content='tesseract 3.04.00' />
  <meta name='ocr-capabilities' content='ocr_page ocr_carea ocr_par ocr_line ocrx_word'/>
</head>
<body>
  <div class='ocr_page' id='page_1' title='image "./analectahymnica15drevuoft_00044.png"; bbox 0 0 1653 2668; ppageno 0'>
   <div class='ocr_carea' id='block_1_1' title="bbox 714 143 951 184">
    <p class='ocr_par' dir='ltr' id='par_1_1' title="bbox 714 143 951 184">
     <span class='ocr_line' id='line_1_1' title="bbox 714 143 951 184; baseline -0.004 -10"><span class='ocrx_word' id='word_1_1' title='bbox 714 169 758 174; x_wconf 83' lang='grc'>-.</span> <span class='ocrx_word' id='word_1_2' title='bbox 807 143 852 184; x_wconf 76' lang='lat'>4¹1</span> <span class='ocrx_word' id='word_1_3' title='bbox 901 168 951 173; x_wconf 70' lang='grc'><strong>-</strong></span> 
     </span>
    </p>
   </div>
   <div class='ocr_carea' id='block_1_2' title="bbox 169 244 760 768">
    <p class='ocr_par' dir='ltr' id='par_1_2' title="bbox 175 244 760 480">
     <span class='ocr_line' id='line_1_2' title="bbox 175 244 714 289; baseline 0 -11"><span class='ocrx_word' id='word_1_4' title='bbox 175 246 228 279; x_wconf 87' lang='lat'>20.</span> <span class='ocrx_word' id='word_1_5' title='bbox 243 246 288 279; x_wconf 87' lang='lat' dir='ltr'>Et</span> <span class='ocrx_word' id='word_1_6' title='bbox 311 245 413 278; x_wconf 89' lang='lat' dir='ltr'>hostis</span> <span class='ocrx_word' id='word_1_7' title='bbox 436 245 471 277; x_wconf 92' lang='lat' dir='ltr'>in</span> <span class='ocrx_word' id='word_1_8' title='bbox 495 247 529 278; x_wconf 91' lang='lat' dir='ltr'>te</span> <span class='ocrx_word' id='word_1_9' title='bbox 553 244 714 289; x_wconf 82' lang='lat' dir='ltr'>fremeret,</span> 
     </span>
     <span class='ocr_line' id='line_1_3' title="bbox 243 292 686 335; baseline 0 -9"><span class='ocrx_word' id='word_1_10' title='bbox 243 294 327 326; x_wconf 84' lang='lat' dir='ltr'>Dum</span> <span class='ocrx_word' id='word_1_11' title='bbox 351 292 476 326; x_wconf 87' lang='lat' dir='ltr'>malleis</span> <span class='ocrx_word' id='word_1_12' title='bbox 501 296 686 335; x_wconf 86' lang='lat' dir='ltr'>percuteret</span> 
     </span>
     <span class='ocr_line' id='line_1_4' title="bbox 241 341 759 382; baseline -0.002 -8"><span class='ocrx_word' id='word_1_13' title='bbox 241 342 286 374; x_wconf 83' lang='lat' dir='ltr'>Et</span> <span class='ocrx_word' id='word_1_14' title='bbox 311 341 408 374; x_wconf 89' lang='lat' dir='ltr'>clavis</span> <span class='ocrx_word' id='word_1_15' title='bbox 433 349 559 374; x_wconf 84' lang='lat' dir='ltr'>carnem</span> <span class='ocrx_word' id='word_1_16' title='bbox 586 341 759 382; x_wconf 77' lang='lat' dir='ltr'>scinderet,</span> 
     </span>
     <span class='ocr_line' id='line_1_5' title="bbox 241 389 760 431; baseline -0.002 -9"><span class='ocrx_word' id='word_1_17' title='bbox 241 389 325 422; x_wconf 91' lang='lat' dir='ltr'>Dum</span> <span class='ocrx_word' id='word_1_18' title='bbox 350 398 475 422; x_wconf 83' lang='lat' dir='ltr'>sensum</span> <span class='ocrx_word' id='word_1_19' title='bbox 503 390 595 422; x_wconf 87' lang='lat' dir='ltr'>dolor</span> <span class='ocrx_word' id='word_1_20' title='bbox 619 392 760 431; x_wconf 87' lang='lat' dir='ltr'>angeret,</span> 
     </span>
     <span class='ocr_line' id='line_1_6' title="bbox 239 436 700 480; baseline 0.002 -11"><span class='ocrx_word' id='word_1_21' title='bbox 239 437 284 470; x_wconf 88' lang='lat' dir='ltr'>Et</span> <span class='ocrx_word' id='word_1_22' title='bbox 307 446 398 470; x_wconf 89' lang='lat' dir='ltr'>sacer</span> <span class='ocrx_word' id='word_1_23' title='bbox 422 438 551 478; x_wconf 85' lang='lat' dir='ltr'>sanguis</span> <span class='ocrx_word' id='word_1_24' title='bbox 576 436 700 480; x_wconf 86' lang='lat' dir='ltr'>flueret,</span> 
     </span>
    </p>

    <p class='ocr_par' dir='ltr' id='par_1_3' title="bbox 169 485 718 719">
     <span class='ocr_line' id='line_1_7' title="bbox 169 485 710 527; baseline 0.004 -10"><span class='ocrx_word' id='word_1_25' title='bbox 169 486 226 519; x_wconf 83' lang='lat'>25.</span> <span class='ocrx_word' id='word_1_26' title='bbox 240 485 324 517; x_wconf 90' lang='lat' dir='ltr'>Dum</span> <span class='ocrx_word' id='word_1_27' title='bbox 349 485 457 526; x_wconf 84' lang='lat' dir='ltr'>passio</span> <span class='ocrx_word' id='word_1_28' title='bbox 481 488 513 518; x_wconf 91' lang='lat' dir='ltr'>te</span> <span class='ocrx_word' id='word_1_29' title='bbox 539 489 710 527; x_wconf 86' lang='lat' dir='ltr'>premeret,</span> 
     </span>
     <span class='ocr_line' id='line_1_8' title="bbox 239 534 654 577; baseline 0.002 -12"><span class='ocrx_word' id='word_1_30' title='bbox 239 534 459 576; x_wconf 86' lang='lat' dir='ltr'>Angustiaque</span> <span class='ocrx_word' id='word_1_31' title='bbox 486 537 654 577; x_wconf 78' lang='lat' dir='ltr'>cresceret,</span> 
     </span>
     <span class='ocr_line' id='line_1_9' title="bbox 239 582 700 624; baseline 0.004 -11"><span class='ocrx_word' id='word_1_32' title='bbox 239 582 369 614; x_wconf 84' lang='lat' dir='ltr'>Patrem</span> <span class='ocrx_word' id='word_1_33' title='bbox 393 582 516 623; x_wconf 78' lang='lat' dir='ltr'>rogasti</span> <span class='ocrx_word' id='word_1_34' title='bbox 538 583 700 624; x_wconf 78' lang='lat' dir='ltr'>precibus,</span> 
     </span>
     <span class='ocr_line' id='line_1_10' title="bbox 241 630 718 672; baseline -0.006 -8"><span class='ocrx_word' id='word_1_35' title='bbox 241 631 288 664; x_wconf 90' lang='lat' dir='ltr'>Ut</span> <span class='ocrx_word' id='word_1_36' title='bbox 311 632 473 671; x_wconf 78' lang='lat' dir='ltr'>tamquam</span> <span class='ocrx_word' id='word_1_37' title='bbox 497 630 718 672; x_wconf 78' lang='lat' dir='ltr'>ignorantibus</span> 
     </span>
     <span class='ocr_line' id='line_1_11' title="bbox 240 677 653 719; baseline 0.002 -9"><span class='ocrx_word' id='word_1_38' title='bbox 240 677 318 710; x_wconf 87' lang='lat' dir='ltr'>Tuis</span> <span class='ocrx_word' id='word_1_39' title='bbox 343 678 489 719; x_wconf 85' lang='lat' dir='ltr'>ignoscat</span> <span class='ocrx_word' id='word_1_40' title='bbox 506 678 653 711; x_wconf 84' lang='lat' dir='ltr'>hostibus</span> 
     </span>
    </p>

    <p class='ocr_par' dir='ltr' id='par_1_4' title="bbox 170 725 642 768">
     <span class='ocr_line' id='line_1_12' title="bbox 170 725 642 768; baseline 0 -10"><span class='ocrx_word' id='word_1_41' title='bbox 170 726 227 759; x_wconf 80' lang='lat'>30.</span> <span class='ocrx_word' id='word_1_42' title='bbox 243 727 292 758; x_wconf 86' lang='lat' dir='ltr'>Ac</span> <span class='ocrx_word' id='word_1_43' title='bbox 315 728 349 757; x_wconf 86' lang='lat' dir='ltr'>te</span> <span class='ocrx_word' id='word_1_44' title='bbox 374 725 642 768; x_wconf 82' lang='lat' dir='ltr'>crucifigentibus,</span> 
     </span>
    </p>
   </div>
   <div class='ocr_carea' id='block_1_3' title="bbox 241 773 778 863">
    <p class='ocr_par' dir='ltr' id='par_1_5' title="bbox 241 773 778 863">
     <span class='ocr_line' id='line_1_13' title="bbox 241 773 777 816; baseline 0.004 -10"><span class='ocrx_word' id='word_1_45' title='bbox 241 773 387 807; x_wconf 63' lang='lat' dir='ltr'>Dicens:</span> <span class='ocrx_word' id='word_1_46' title='bbox 410 774 521 816; x_wconf 76' lang='lat' dir='ltr'>Pater,</span> <span class='ocrx_word' id='word_1_47' title='bbox 547 775 678 816; x_wconf 64' lang='lat' dir='ltr'>{qnosee</span> <span class='ocrx_word' id='word_1_48' title='bbox 702 774 777 816; x_wconf 65' lang='lat' dir='ltr'>illis,</span> 
     </span>
     <span class='ocr_line' id='line_1_14' title="bbox 242 821 778 863; baseline 0 -10"><span class='ocrx_word' id='word_1_49' title='bbox 242 821 323 862; x_wconf 71' lang='lat' dir='ltr'>quia</span> <span class='ocrx_word' id='word_1_50' title='bbox 344 821 503 862; x_wconf 69' lang='lat' dir='ltr'>nesciunt,</span> <span class='ocrx_word' id='word_1_51' title='bbox 530 822 617 863; x_wconf 75' lang='lat' dir='ltr'>quod</span> <span class='ocrx_word' id='word_1_52' title='bbox 640 822 778 863; x_wconf 74' lang='lat' dir='ltr'>faciunt.</span> 
     </span>
    </p>
   </div>
   <div class='ocr_carea' id='block_1_4' title="bbox 162 879 743 1688">
    <p class='ocr_par' dir='ltr' id='par_1_6' title="bbox 165 879 743 1352">
     <span class='ocr_line' id='line_1_15' title="bbox 289 879 617 921; baseline 0.003 -10"><span class='ocrx_word' id='word_1_53' title='bbox 289 879 314 912; x_wconf 96' lang='grc' dir='ltr'><strong>Ο</strong></span> <span class='ocrx_word' id='word_1_54' title='bbox 340 880 426 912; x_wconf 89' lang='lat' dir='ltr'>mitis</span> <span class='ocrx_word' id='word_1_55' title='bbox 450 880 617 921; x_wconf 88' lang='lat' dir='ltr'>patientia,</span> 
     </span>
     <span class='ocr_line' id='line_1_16' title="bbox 240 928 612 970; baseline 0.003 -11"><span class='ocrx_word' id='word_1_56' title='bbox 240 928 265 960; x_wconf 93' lang='lat' dir='ltr'>O</span> <span class='ocrx_word' id='word_1_57' title='bbox 290 930 457 960; x_wconf 85' lang='lat' dir='ltr'>mansueta</span> <span class='ocrx_word' id='word_1_58' title='bbox 481 928 612 970; x_wconf 86' lang='lat' dir='ltr'>mititas,</span> 
     </span>
     <span class='ocr_line' id='line_1_17' title="bbox 168 975 647 1019; baseline 0 -11"><span class='ocrx_word' id='word_1_59' title='bbox 168 976 223 1008; x_wconf 86' lang='lat'>35.</span> <span class='ocrx_word' id='word_1_60' title='bbox 239 975 264 1008; x_wconf 96' lang='grc' dir='ltr'>Ο</span> <span class='ocrx_word' id='word_1_61' title='bbox 290 975 444 1009; x_wconf 87' lang='lat' dir='ltr'>immensa</span> <span class='ocrx_word' id='word_1_62' title='bbox 470 976 647 1019; x_wconf 81' lang='lat' dir='ltr'>clementia,</span> 
     </span>
     <span class='ocr_line' id='line_1_18' title="bbox 239 1023 659 1065; baseline -0.002 -9"><span class='ocrx_word' id='word_1_63' title='bbox 239 1023 265 1056; x_wconf 94' lang='grc' dir='ltr'>Ο</span> <span class='ocrx_word' id='word_1_64' title='bbox 288 1024 444 1056; x_wconf 85' lang='lat' dir='ltr'>immensa</span> <span class='ocrx_word' id='word_1_65' title='bbox 468 1023 659 1065; x_wconf 86' lang='lat' dir='ltr'>benignitas,</span> 
     </span>
     <span class='ocr_line' id='line_1_19' title="bbox 237 1071 645 1112; baseline 0.002 -9"><span class='ocrx_word' id='word_1_66' title='bbox 237 1072 297 1112; x_wconf 79' lang='lat' dir='ltr'>Qui</span> <span class='ocrx_word' id='word_1_67' title='bbox 320 1073 356 1103; x_wconf 91' lang='lat' dir='ltr'>ut</span> <span class='ocrx_word' id='word_1_68' title='bbox 381 1071 450 1104; x_wconf 88' lang='lat' dir='ltr'>ovis</span> <span class='ocrx_word' id='word_1_69' title='bbox 474 1071 645 1104; x_wconf 83' lang='lat' dir='ltr'>mitissima</span> 
     </span>
     <span class='ocr_line' id='line_1_20' title="bbox 236 1118 743 1161; baseline 0.002 -10"><span class='ocrx_word' id='word_1_70' title='bbox 236 1119 311 1152; x_wconf 83' lang='lat' dir='ltr'>Non</span> <span class='ocrx_word' id='word_1_71' title='bbox 335 1119 457 1159; x_wconf 87' lang='lat' dir='ltr'>promis</span> <span class='ocrx_word' id='word_1_72' title='bbox 482 1118 743 1161; x_wconf 80' lang='lat' dir='ltr'>quaerimoniam,</span> 
     </span>
     <span class='ocr_line' id='line_1_21' title="bbox 238 1166 674 1206; baseline 0 -7"><span class='ocrx_word' id='word_1_73' title='bbox 238 1166 298 1206; x_wconf 79' lang='lat' dir='ltr'>Qui</span> <span class='ocrx_word' id='word_1_74' title='bbox 321 1170 358 1199; x_wconf 91' lang='lat' dir='ltr'>ut</span> <span class='ocrx_word' id='word_1_75' title='bbox 381 1169 485 1200; x_wconf 90' lang='lat' dir='ltr'>mater</span> <span class='ocrx_word' id='word_1_76' title='bbox 510 1167 674 1200; x_wconf 74' lang='lat' dir='ltr'>carlssima</span> 
     </span>
     <span class='ocr_line' id='line_1_22' title="bbox 165 1215 654 1257; baseline -0.002 -9"><span class='ocrx_word' id='word_1_77' title='bbox 165 1216 220 1248; x_wconf 86' lang='lat'>40.</span> <span class='ocrx_word' id='word_1_78' title='bbox 236 1216 309 1248; x_wconf 85' lang='lat' dir='ltr'>Jam</span> <span class='ocrx_word' id='word_1_79' title='bbox 335 1224 469 1248; x_wconf 85' lang='lat' dir='ltr'>excusas</span> <span class='ocrx_word' id='word_1_80' title='bbox 493 1215 654 1257; x_wconf 86' lang='lat' dir='ltr'>injuriam,</span> 
     </span>
     <span class='ocr_line' id='line_1_23' title="bbox 236 1263 624 1296; baseline -0.003 0"><span class='ocrx_word' id='word_1_81' title='bbox 236 1263 284 1296; x_wconf 83' lang='lat' dir='ltr'>Ut</span> <span class='ocrx_word' id='word_1_82' title='bbox 306 1263 413 1296; x_wconf 86' lang='lat' dir='ltr'>anima</span> <span class='ocrx_word' id='word_1_83' title='bbox 438 1264 624 1296; x_wconf 83' lang='lat' dir='ltr'>dulcissima</span> 
     </span>
     <span class='ocr_line' id='line_1_24' title="bbox 235 1311 629 1352; baseline 0 -9"><span class='ocrx_word' id='word_1_84' title='bbox 235 1311 339 1343; x_wconf 85' lang='lat' dir='ltr'>Tenes</span> <span class='ocrx_word' id='word_1_85' title='bbox 364 1311 629 1352; x_wconf 83' lang='lat' dir='ltr'>benevolentiam,</span> 
     </span>
    </p>

    <p class='ocr_par' dir='ltr' id='par_1_7' title="bbox 162 1359 718 1688">
     <span class='ocr_line' id='line_1_25' title="bbox 234 1359 620 1400; baseline 0 -8"><span class='ocrx_word' id='word_1_86' title='bbox 234 1359 281 1392; x_wconf 90' lang='lat' dir='ltr'>Ut</span> <span class='ocrx_word' id='word_1_87' title='bbox 302 1359 450 1392; x_wconf 87' lang='lat' dir='ltr'>voluntas</span> <span class='ocrx_word' id='word_1_88' title='bbox 476 1360 620 1400; x_wconf 87' lang='lat' dir='ltr'>piissima</span> 
     </span>
     <span class='ocr_line' id='line_1_26' title="bbox 230 1405 661 1440; baseline 0 0"><span class='ocrx_word' id='word_1_89' title='bbox 230 1405 374 1440; x_wconf 82' lang='lat' dir='ltr'>Praebes</span> <span class='ocrx_word' id='word_1_90' title='bbox 398 1407 661 1440; x_wconf 86' lang='lat' dir='ltr'>misericordiam.</span> 
     </span>
     <span class='ocr_line' id='line_1_27' title="bbox 162 1455 718 1499; baseline 0.002 -12"><span class='ocrx_word' id='word_1_91' title='bbox 162 1456 218 1488; x_wconf 82' lang='lat'>45.</span> <span class='ocrx_word' id='word_1_92' title='bbox 232 1455 288 1487; x_wconf 87' lang='lat' dir='ltr'>Ad</span> <span class='ocrx_word' id='word_1_93' title='bbox 312 1457 346 1486; x_wconf 89' lang='lat' dir='ltr'>te</span> <span class='ocrx_word' id='word_1_94' title='bbox 371 1455 461 1488; x_wconf 89' lang='lat' dir='ltr'>vadit</span> <span class='ocrx_word' id='word_1_95' title='bbox 485 1464 558 1496; x_wconf 89' lang='lat' dir='ltr'>spes</span> <span class='ocrx_word' id='word_1_96' title='bbox 584 1456 718 1499; x_wconf 89' lang='lat' dir='ltr'>animae,</span> 
     </span>
     <span class='ocr_line' id='line_1_28' title="bbox 232 1503 678 1536; baseline 0 -1"><span class='ocrx_word' id='word_1_97' title='bbox 232 1503 287 1535; x_wconf 90' lang='lat' dir='ltr'>Ad</span> <span class='ocrx_word' id='word_1_98' title='bbox 312 1506 345 1535; x_wconf 86' lang='lat' dir='ltr'>te</span> <span class='ocrx_word' id='word_1_99' title='bbox 371 1506 503 1536; x_wconf 89' lang='lat' dir='ltr'>currunt</span> <span class='ocrx_word' id='word_1_100' title='bbox 526 1503 678 1536; x_wconf 83' lang='lat' dir='ltr'>lacrimae</span> 
     </span>
     <span class='ocr_line' id='line_1_29' title="bbox 231 1550 614 1592; baseline 0 -10"><span class='ocrx_word' id='word_1_101' title='bbox 231 1550 278 1583; x_wconf 88' lang='lat' dir='ltr'>Et</span> <span class='ocrx_word' id='word_1_102' title='bbox 299 1551 432 1592; x_wconf 91' lang='lat' dir='ltr'>pulsant</span> <span class='ocrx_word' id='word_1_103' title='bbox 452 1550 614 1584; x_wconf 87' lang='lat' dir='ltr'>desideria</span> 
     </span>
     <span class='ocr_line' id='line_1_30' title="bbox 233 1597 623 1633; baseline 0.003 -2"><span class='ocrx_word' id='word_1_104' title='bbox 233 1597 440 1632; x_wconf 87' lang='lat' dir='ltr'>Confidenter</span> <span class='ocrx_word' id='word_1_105' title='bbox 466 1599 623 1633; x_wconf 87' lang='lat' dir='ltr'>dicentia:</span> 
     </span>
     <span class='ocr_line' id='line_1_31' title="bbox 231 1646 664 1688; baseline 0.002 -9"><span class='ocrx_word' id='word_1_106' title='bbox 231 1647 365 1688; x_wconf 85' lang='lat' dir='ltr'>Ignosce</span> <span class='ocrx_word' id='word_1_107' title='bbox 389 1646 491 1688; x_wconf 89' lang='lat' dir='ltr'>nobis,</span> <span class='ocrx_word' id='word_1_108' title='bbox 518 1648 664 1680; x_wconf 88' lang='lat' dir='ltr'>Domine.</span> 
     </span>
    </p>
   </div>
   <div class='ocr_carea' id='block_1_5' title="bbox 451 1753 495 1786">
    <p class='ocr_par' dir='ltr' id='par_1_8' title="bbox 451 1753 495 1786">
     <span class='ocr_line' id='line_1_32' title="bbox 451 1753 495 1786; baseline 0 -1"><span class='ocrx_word' id='word_1_109' title='bbox 451 1753 495 1786; x_wconf 95' lang='lat' dir='ltr'>II.</span> 
     </span>
    </p>
   </div>
   <div class='ocr_carea' id='block_1_6' title="bbox 152 1820 722 2494">
    <p class='ocr_par' dir='ltr' id='par_1_9' title="bbox 185 1820 684 2009">
     <span class='ocr_line' id='line_1_33' title="bbox 185 1820 626 1862; baseline -0.002 -8"><span class='ocrx_word' id='word_1_110' title='bbox 185 1821 214 1854; x_wconf 88' lang='lat'>1.</span> <span class='ocrx_word' id='word_1_111' title='bbox 229 1821 318 1861; x_wconf 86' lang='lat' dir='ltr'>Jesu,</span> <span class='ocrx_word' id='word_1_112' title='bbox 344 1820 481 1862; x_wconf 83' lang='lat' dir='ltr'>largitor</span> <span class='ocrx_word' id='word_1_113' title='bbox 504 1821 626 1861; x_wconf 88' lang='lat' dir='ltr'>veniae,</span> 
     </span>
     <span class='ocr_line' id='line_1_34' title="bbox 224 1869 657 1911; baseline -0.002 -9"><span class='ocrx_word' id='word_1_114' title='bbox 224 1870 315 1911; x_wconf 83' lang='lat' dir='ltr'>Jesu,</span> <span class='ocrx_word' id='word_1_115' title='bbox 341 1869 483 1902; x_wconf 89' lang='lat' dir='ltr'>solamen</span> <span class='ocrx_word' id='word_1_116' title='bbox 507 1870 657 1911; x_wconf 89' lang='lat' dir='ltr'>tristium,</span> 
     </span>
     <span class='ocr_line' id='line_1_35' title="bbox 227 1917 661 1959; baseline -0.002 -8"><span class='ocrx_word' id='word_1_117' title='bbox 227 1918 316 1957; x_wconf 82' lang='lat' dir='ltr'>Jesu,</span> <span class='ocrx_word' id='word_1_118' title='bbox 341 1917 411 1950; x_wconf 88' lang='lat' dir='ltr'>laus</span> <span class='ocrx_word' id='word_1_119' title='bbox 435 1918 661 1959; x_wconf 88' lang='lat' dir='ltr'>poenitentiae,</span> 
     </span>
     <span class='ocr_line' id='line_1_36' title="bbox 228 1967 684 2009; baseline 0 -10"><span class='ocrx_word' id='word_1_120' title='bbox 228 1967 317 2008; x_wconf 84' lang='lat' dir='ltr'>Jesu,</span> <span class='ocrx_word' id='word_1_121' title='bbox 344 1975 418 2007; x_wconf 90' lang='lat' dir='ltr'>spes</span> <span class='ocrx_word' id='word_1_122' title='bbox 443 1967 684 2009; x_wconf 87' lang='lat' dir='ltr'>poenitentium,</span> 
     </span>
    </p>

    <p class='ocr_par' dir='ltr' id='par_1_10' title="bbox 180 2013 711 2248">
     <span class='ocr_line' id='line_1_37' title="bbox 180 2013 667 2054; baseline 0.004 -8"><span class='ocrx_word' id='word_1_123' title='bbox 180 2014 213 2047; x_wconf 87' lang='lat'>5.</span> <span class='ocrx_word' id='word_1_124' title='bbox 227 2013 312 2046; x_wconf 90' lang='lat' dir='ltr'>Dum</span> <span class='ocrx_word' id='word_1_125' title='bbox 337 2015 495 2054; x_wconf 86' lang='lat' dir='ltr'>penderes</span> <span class='ocrx_word' id='word_1_126' title='bbox 519 2015 667 2048; x_wconf 86' lang='lat' dir='ltr'>innoxius</span> 
     </span>
     <span class='ocr_line' id='line_1_38' title="bbox 225 2062 676 2106; baseline 0.002 -11"><span class='ocrx_word' id='word_1_127' title='bbox 225 2062 351 2095; x_wconf 87' lang='lat' dir='ltr'>Horum</span> <span class='ocrx_word' id='word_1_128' title='bbox 374 2063 409 2095; x_wconf 91' lang='lat' dir='ltr'>in</span> <span class='ocrx_word' id='word_1_129' title='bbox 433 2072 537 2104; x_wconf 86' lang='lat' dir='ltr'>poena</span> <span class='ocrx_word' id='word_1_130' title='bbox 560 2064 676 2106; x_wconf 85' lang='lat' dir='ltr'>socius,</span> 
     </span>
     <span class='ocr_line' id='line_1_39' title="bbox 225 2110 645 2153; baseline 0.005 -11"><span class='ocrx_word' id='word_1_131' title='bbox 225 2110 309 2143; x_wconf 91' lang='lat' dir='ltr'>Dum</span> <span class='ocrx_word' id='word_1_132' title='bbox 334 2112 367 2142; x_wconf 79' lang='lat' dir='ltr'>te</span> <span class='ocrx_word' id='word_1_133' title='bbox 389 2120 471 2144; x_wconf 89' lang='lat' dir='ltr'>unus</span> <span class='ocrx_word' id='word_1_134' title='bbox 495 2115 645 2153; x_wconf 86' lang='lat' dir='ltr'>argueret</span> 
     </span>
     <span class='ocr_line' id='line_1_40' title="bbox 223 2159 666 2200; baseline 0.002 -8"><span class='ocrx_word' id='word_1_135' title='bbox 223 2159 269 2192; x_wconf 89' lang='lat' dir='ltr'>Et</span> <span class='ocrx_word' id='word_1_136' title='bbox 293 2159 391 2191; x_wconf 86' lang='lat' dir='ltr'>stulte</span> <span class='ocrx_word' id='word_1_137' title='bbox 414 2160 666 2200; x_wconf 87' lang='lat' dir='ltr'>reprehenderet</span> 
     </span>
     <span class='ocr_line' id='line_1_41' title="bbox 223 2207 711 2248; baseline 0.006 -9"><span class='ocrx_word' id='word_1_138' title='bbox 223 2207 268 2239; x_wconf 87' lang='lat' dir='ltr'>Et</span> <span class='ocrx_word' id='word_1_139' title='bbox 291 2207 546 2248; x_wconf 85' lang='lat' dir='ltr'>blasphemando</span> <span class='ocrx_word' id='word_1_140' title='bbox 574 2209 711 2243; x_wconf 83' lang='lat' dir='ltr'>diceret:</span> 
     </span>
    </p>

    <p class='ocr_par' dir='ltr' id='par_1_11' title="bbox 152 2255 722 2494">
     <span class='ocr_line' id='line_1_42' title="bbox 152 2255 584 2298; baseline 0.002 -9"><span class='ocrx_word' id='word_1_141' title='bbox 152 2256 209 2290; x_wconf 92' lang='lat'>10.</span> <span class='ocrx_word' id='word_1_142' title='bbox 224 2255 259 2289; x_wconf 87' lang='lat' dir='ltr'>Si</span> <span class='ocrx_word' id='word_1_143' title='bbox 284 2258 319 2289; x_wconf 87' lang='lat' dir='ltr'>tn</span> <span class='ocrx_word' id='word_1_144' title='bbox 344 2264 378 2288; x_wconf 91' lang='lat' dir='ltr'>es</span> <span class='ocrx_word' id='word_1_145' title='bbox 403 2256 465 2289; x_wconf 87' lang='lat' dir='ltr'>Dei</span> <span class='ocrx_word' id='word_1_146' title='bbox 489 2256 584 2298; x_wconf 87' lang='lat' dir='ltr'>filius,</span> 
     </span>
     <span class='ocr_line' id='line_1_43' title="bbox 222 2304 720 2348; baseline 0.006 -11"><span class='ocrx_word' id='word_1_147' title='bbox 222 2304 320 2338; x_wconf 83' lang='lat' dir='ltr'>Salva</span> <span class='ocrx_word' id='word_1_148' title='bbox 343 2306 443 2338; x_wconf 89' lang='lat' dir='ltr'>temet</span> <span class='ocrx_word' id='word_1_149' title='bbox 465 2305 571 2346; x_wconf 90' lang='lat' dir='ltr'>ipsum</span> <span class='ocrx_word' id='word_1_150' title='bbox 597 2308 629 2338; x_wconf 91' lang='lat' dir='ltr'>et</span> <span class='ocrx_word' id='word_1_151' title='bbox 651 2317 720 2348; x_wconf 88' lang='lat' dir='ltr'>nos,</span> 
     </span>
     <span class='ocr_line' id='line_1_44' title="bbox 221 2353 573 2395; baseline 0 -9"><span class='ocrx_word' id='word_1_152' title='bbox 221 2353 302 2387; x_wconf 83' lang='lat' dir='ltr'>Esto</span> <span class='ocrx_word' id='word_1_153' title='bbox 327 2353 387 2386; x_wconf 83' lang='lat' dir='ltr'>tibi</span> <span class='ocrx_word' id='word_1_154' title='bbox 413 2354 573 2395; x_wconf 87' lang='lat' dir='ltr'>propitius</span> 
     </span>
     <span class='ocr_line' id='line_1_45' title="bbox 220 2401 592 2444; baseline 0.005 -10"><span class='ocrx_word' id='word_1_155' title='bbox 220 2401 312 2435; x_wconf 86' lang='lat' dir='ltr'>Sicut</span> <span class='ocrx_word' id='word_1_156' title='bbox 335 2402 470 2436; x_wconf 85' lang='lat' dir='ltr'>salvasti</span> <span class='ocrx_word' id='word_1_157' title='bbox 494 2403 592 2444; x_wconf 85' lang='lat' dir='ltr'>alios;</span> 
     </span>
     <span class='ocr_line' id='line_1_46' title="bbox 218 2450 722 2494; baseline 0.002 -11"><span class='ocrx_word' id='word_1_158' title='bbox 218 2450 303 2484; x_wconf 91' lang='lat' dir='ltr'>Dum</span> <span class='ocrx_word' id='word_1_159' title='bbox 325 2451 410 2485; x_wconf 88' lang='lat' dir='ltr'>alter</span> <span class='ocrx_word' id='word_1_160' title='bbox 433 2452 519 2485; x_wconf 88' lang='lat' dir='ltr'>hunc</span> <span class='ocrx_word' id='word_1_161' title='bbox 544 2452 722 2494; x_wconf 88' lang='lat' dir='ltr'>corriperet</span> 
     </span>
    </p>
   </div>
   <div class='ocr_carea' id='block_1_7' title="bbox 857 244 1483 960">
    <p class='ocr_par' dir='ltr' id='par_1_12' title="bbox 861 244 1460 479">
     <span class='ocr_line' id='line_1_47' title="bbox 861 244 1460 289; baseline -0.002 -10"><span class='ocrx_word' id='word_1_162' title='bbox 861 244 915 279; x_wconf 85' lang='lat'>15.</span> <span class='ocrx_word' id='word_1_163' title='bbox 929 246 975 278; x_wconf 89' lang='lat' dir='ltr'>Et</span> <span class='ocrx_word' id='word_1_164' title='bbox 999 245 1084 277; x_wconf 91' lang='lat' dir='ltr'>hunc</span> <span class='ocrx_word' id='word_1_165' title='bbox 1108 246 1240 278; x_wconf 90' lang='lat' dir='ltr'>stultum</span> <span class='ocrx_word' id='word_1_166' title='bbox 1265 245 1460 289; x_wconf 87' lang='lat' dir='ltr'>ostenderet,</span> 
     </span>
     <span class='ocr_line' id='line_1_48' title="bbox 928 293 1449 327; baseline 0.002 -1"><span class='ocrx_word' id='word_1_167' title='bbox 928 293 1013 326; x_wconf 90' lang='lat' dir='ltr'>Dum</span> <span class='ocrx_word' id='word_1_168' title='bbox 1038 303 1073 326; x_wconf 89' lang='lat' dir='ltr'>se</span> <span class='ocrx_word' id='word_1_169' title='bbox 1096 294 1215 326; x_wconf 89' lang='lat' dir='ltr'>malum</span> <span class='ocrx_word' id='word_1_170' title='bbox 1241 294 1449 327; x_wconf 86' lang='lat' dir='ltr'>contenderet</span> 
     </span>
     <span class='ocr_line' id='line_1_49' title="bbox 928 342 1373 384; baseline 0.002 -10"><span class='ocrx_word' id='word_1_171' title='bbox 928 342 974 374; x_wconf 88' lang='lat' dir='ltr'>Et</span> <span class='ocrx_word' id='word_1_172' title='bbox 998 344 1031 374; x_wconf 91' lang='lat' dir='ltr'>te</span> <span class='ocrx_word' id='word_1_173' title='bbox 1052 344 1173 384; x_wconf 55' lang='lat' dir='ltr'>,iustum</span> <span class='ocrx_word' id='word_1_174' title='bbox 1199 342 1373 383; x_wconf 86' lang='lat' dir='ltr'>adsereret,</span> 
     </span>
     <span class='ocr_line' id='line_1_50' title="bbox 927 390 1422 423; baseline 0.002 -1"><span class='ocrx_word' id='word_1_175' title='bbox 927 390 1012 422; x_wconf 88' lang='lat' dir='ltr'>Dum</span> <span class='ocrx_word' id='word_1_176' title='bbox 1038 391 1081 423; x_wconf 87' lang='lat' dir='ltr'>ad</span> <span class='ocrx_word' id='word_1_177' title='bbox 1104 392 1138 422; x_wconf 90' lang='lat' dir='ltr'>te</span> <span class='ocrx_word' id='word_1_178' title='bbox 1160 399 1195 422; x_wconf 90' lang='lat' dir='ltr'>se</span> <span class='ocrx_word' id='word_1_179' title='bbox 1221 393 1422 423; x_wconf 87' lang='lat' dir='ltr'>converteret</span> 
     </span>
     <span class='ocr_line' id='line_1_51' title="bbox 927 438 1383 479; baseline 0.002 -8"><span class='ocrx_word' id='word_1_180' title='bbox 927 438 972 471; x_wconf 85' lang='lat' dir='ltr'>Et</span> <span class='ocrx_word' id='word_1_181' title='bbox 996 439 1132 479; x_wconf 85' lang='lat' dir='ltr'>supplex</span> <span class='ocrx_word' id='word_1_182' title='bbox 1156 439 1217 471; x_wconf 89' lang='lat' dir='ltr'>tibi</span> <span class='ocrx_word' id='word_1_183' title='bbox 1244 439 1383 472; x_wconf 86' lang='lat' dir='ltr'>diceret:</span> 
     </span>
    </p>

    <p class='ocr_par' dir='ltr' id='par_1_13' title="bbox 858 485 1436 721">
     <span class='ocr_line' id='line_1_52' title="bbox 858 485 1362 530; baseline 0 -11"><span class='ocrx_word' id='word_1_184' title='bbox 858 487 913 520; x_wconf 88' lang='lat'>20.</span> <span class='ocrx_word' id='word_1_185' title='bbox 928 485 1092 519; x_wconf 87' lang='lat' dir='ltr'>Memento</span> <span class='ocrx_word' id='word_1_186' title='bbox 1116 487 1189 528; x_wconf 91' lang='lat' dir='ltr'>mei,</span> <span class='ocrx_word' id='word_1_187' title='bbox 1215 486 1362 530; x_wconf 89' lang='lat' dir='ltr'>Domine,</span> 
     </span>
     <span class='ocr_line' id='line_1_53' title="bbox 926 535 1410 576; baseline 0 -9"><span class='ocrx_word' id='word_1_188' title='bbox 926 535 1011 567; x_wconf 88' lang='lat' dir='ltr'>Dum</span> <span class='ocrx_word' id='word_1_189' title='bbox 1034 535 1076 568; x_wconf 90' lang='lat' dir='ltr'>ad</span> <span class='ocrx_word' id='word_1_190' title='bbox 1101 537 1189 567; x_wconf 90' lang='lat' dir='ltr'>tuum</span> <span class='ocrx_word' id='word_1_191' title='bbox 1212 535 1410 576; x_wconf 88' lang='lat' dir='ltr'>perveneris,</span> 
     </span>
     <span class='ocr_line' id='line_1_54' title="bbox 928 583 1436 627; baseline 0 -12"><span class='ocrx_word' id='word_1_192' title='bbox 928 583 1073 623; x_wconf 82' lang='lat' dir='ltr'>Regnum</span> <span class='ocrx_word' id='word_1_193' title='bbox 1096 583 1227 623; x_wconf 87' lang='lat' dir='ltr'>plenum</span> <span class='ocrx_word' id='word_1_194' title='bbox 1255 583 1436 627; x_wconf 85' lang='lat' dir='ltr'>dulcedine,</span> 
     </span>
     <span class='ocr_line' id='line_1_55' title="bbox 927 631 1423 673; baseline 0.002 -11"><span class='ocrx_word' id='word_1_195' title='bbox 927 631 1012 663; x_wconf 89' lang='lat' dir='ltr'>Dum</span> <span class='ocrx_word' id='word_1_196' title='bbox 1036 633 1076 673; x_wconf 31' lang='lat' dir='ltr'>te,</span> <span class='ocrx_word' id='word_1_197' title='bbox 1094 639 1198 672; x_wconf 87' lang='lat' dir='ltr'>regem</span> <span class='ocrx_word' id='word_1_198' title='bbox 1226 631 1423 672; x_wconf 81' lang='lat' dir='ltr'>ostenderis3</span> 
     </span>
     <span class='ocr_line' id='line_1_56' title="bbox 928 679 1373 721; baseline 0.002 -10"><span class='ocrx_word' id='word_1_199' title='bbox 928 679 977 711; x_wconf 89' lang='lat' dir='ltr'>Tu</span> <span class='ocrx_word' id='word_1_200' title='bbox 1001 687 1110 711; x_wconf 87' lang='lat' dir='ltr'>amans</span> <span class='ocrx_word' id='word_1_201' title='bbox 1134 680 1373 721; x_wconf 85' lang='lat' dir='ltr'>poenitentiam,</span> 
     </span>
    </p>

    <p class='ocr_par' dir='ltr' id='par_1_14' title="bbox 857 727 1483 960">
     <span class='ocr_line' id='line_1_57' title="bbox 857 727 1443 769; baseline 0 -9"><span class='ocrx_word' id='word_1_202' title='bbox 857 728 913 760; x_wconf 83' lang='lat'>25.</span> <span class='ocrx_word' id='word_1_203' title='bbox 928 727 1035 760; x_wconf 86' lang='lat' dir='ltr'>Corda</span> <span class='ocrx_word' id='word_1_204' title='bbox 1058 727 1189 759; x_wconf 84' lang='lat' dir='ltr'>trahens</span> <span class='ocrx_word' id='word_1_205' title='bbox 1215 736 1274 768; x_wconf 87' lang='lat' dir='ltr'>per</span> <span class='ocrx_word' id='word_1_206' title='bbox 1298 728 1443 769; x_wconf 83' lang='lat' dir='ltr'>gratiam,</span> 
     </span>
     <span class='ocr_line' id='line_1_58' title="bbox 927 775 1443 809; baseline 0 -2"><span class='ocrx_word' id='word_1_207' title='bbox 927 775 1000 807; x_wconf 90' lang='lat' dir='ltr'>Non</span> <span class='ocrx_word' id='word_1_208' title='bbox 1025 776 1125 808; x_wconf 91' lang='lat' dir='ltr'>solum</span> <span class='ocrx_word' id='word_1_209' title='bbox 1151 775 1235 808; x_wconf 90' lang='lat' dir='ltr'>hanc</span> <span class='ocrx_word' id='word_1_210' title='bbox 1259 776 1443 809; x_wconf 89' lang='lat' dir='ltr'>memoriam</span> 
     </span>
     <span class='ocr_line' id='line_1_59' title="bbox 928 823 1372 866; baseline 0 -10"><span class='ocrx_word' id='word_1_211' title='bbox 928 823 1122 856; x_wconf 88' lang='lat' dir='ltr'>Concessisti</span> <span class='ocrx_word' id='word_1_212' title='bbox 1145 824 1202 856; x_wconf 90' lang='lat' dir='ltr'>sed</span> <span class='ocrx_word' id='word_1_213' title='bbox 1228 824 1372 866; x_wconf 88' lang='lat' dir='ltr'>gloriam,</span> 
     </span>
     <span class='ocr_line' id='line_1_60' title="bbox 926 870 1387 911; baseline 0.004 -8"><span class='ocrx_word' id='word_1_214' title='bbox 926 871 1067 904; x_wconf 72' lang='lat' dir='ltr'>Dicens:</span> <span class='ocrx_word' id='word_1_215' title='bbox 1091 870 1200 904; x_wconf 69' lang='lat' dir='ltr'>Amen</span> <span class='ocrx_word' id='word_1_216' title='bbox 1225 871 1295 904; x_wconf 70' lang='lat' dir='ltr'>dico</span> <span class='ocrx_word' id='word_1_217' title='bbox 1319 871 1387 911; x_wconf 66' lang='lat' dir='ltr'>tibi,</span> 
     </span>
     <span class='ocr_line' id='line_1_61' title="bbox 925 919 1483 960; baseline 0.005 -9"><span class='ocrx_word' id='word_1_218' title='bbox 925 919 1021 952; x_wconf 78' lang='lat' dir='ltr'>hodie</span> <span class='ocrx_word' id='word_1_219' title='bbox 1035 929 1163 953; x_wconf 81' lang='lat' dir='ltr'>mecum</span> <span class='ocrx_word' id='word_1_220' title='bbox 1180 920 1243 953; x_wconf 73' lang='lat' dir='ltr'>eris</span> <span class='ocrx_word' id='word_1_221' title='bbox 1258 919 1296 951; x_wconf 72' lang='lat' dir='ltr'>in</span> <span class='ocrx_word' id='word_1_222' title='bbox 1308 921 1483 960; x_wconf 74' lang='lat' dir='ltr'>paradiso.</span> 
     </span>
    </p>
   </div>
   <div class='ocr_carea' id='block_1_8' title="bbox 849 977 1413 1642">
    <p class='ocr_par' dir='ltr' id='par_1_15' title="bbox 855 977 1413 1210">
     <span class='ocr_line' id='line_1_62' title="bbox 855 977 1413 1019; baseline 0.004 -10"><span class='ocrx_word' id='word_1_223' title='bbox 855 977 912 1011; x_wconf 85' lang='lat'>30.</span> <span class='ocrx_word' id='word_1_224' title='bbox 974 977 999 1010; x_wconf 96' lang='grc' dir='ltr'>Ο</span> <span class='ocrx_word' id='word_1_225' title='bbox 1025 982 1175 1017; x_wconf 89' lang='lat' dir='ltr'>prompta</span> <span class='ocrx_word' id='word_1_226' title='bbox 1198 977 1260 1009; x_wconf 92' lang='lat' dir='ltr'>Dei</span> <span class='ocrx_word' id='word_1_227' title='bbox 1287 978 1413 1019; x_wconf 87' lang='lat' dir='ltr'>caritas,</span> 
     </span>
     <span class='ocr_line' id='line_1_63' title="bbox 926 1025 1331 1066; baseline 0 -9"><span class='ocrx_word' id='word_1_228' title='bbox 926 1025 1079 1065; x_wconf 83' lang='lat' dir='ltr'>Prompta</span> <span class='ocrx_word' id='word_1_229' title='bbox 1102 1025 1331 1066; x_wconf 87' lang='lat' dir='ltr'>misericordia,</span> 
     </span>
     <span class='ocr_line' id='line_1_64' title="bbox 926 1073 1337 1114; baseline -0.002 -8"><span class='ocrx_word' id='word_1_230' title='bbox 926 1073 951 1106; x_wconf 94' lang='lat' dir='ltr'>O</span> <span class='ocrx_word' id='word_1_231' title='bbox 976 1075 1127 1113; x_wconf 89' lang='lat' dir='ltr'>prompta</span> <span class='ocrx_word' id='word_1_232' title='bbox 1150 1073 1337 1114; x_wconf 86' lang='lat' dir='ltr'>liberalitas,</span> 
     </span>
     <span class='ocr_line' id='line_1_65' title="bbox 923 1120 1331 1165; baseline 0.002 -13"><span class='ocrx_word' id='word_1_233' title='bbox 923 1121 1079 1161; x_wconf 80' lang='lat' dir='ltr'>Prompta</span> <span class='ocrx_word' id='word_1_234' title='bbox 1101 1120 1331 1165; x_wconf 85' lang='lat' dir='ltr'>munificentia,</span> 
     </span>
     <span class='ocr_line' id='line_1_66' title="bbox 923 1168 1322 1210; baseline 0.003 -10"><span class='ocrx_word' id='word_1_235' title='bbox 923 1168 977 1202; x_wconf 91' lang='lat' dir='ltr'>Ad</span> <span class='ocrx_word' id='word_1_236' title='bbox 1002 1171 1035 1200; x_wconf 92' lang='lat' dir='ltr'>te</span> <span class='ocrx_word' id='word_1_237' title='bbox 1061 1169 1161 1201; x_wconf 90' lang='lat' dir='ltr'>currit</span> <span class='ocrx_word' id='word_1_238' title='bbox 1186 1169 1322 1210; x_wconf 90' lang='lat' dir='ltr'>devotio,</span> 
     </span>
    </p>

    <p class='ocr_par' dir='ltr' id='par_1_16' title="bbox 854 1216 1373 1452">
     <span class='ocr_line' id='line_1_67' title="bbox 854 1216 1329 1259; baseline 0 -10"><span class='ocrx_word' id='word_1_239' title='bbox 854 1216 977 1250; x_wconf 85' lang='lat' dir='ltr'>35.Ad</span> <span class='ocrx_word' id='word_1_240' title='bbox 1002 1219 1035 1248; x_wconf 91' lang='lat' dir='ltr'>te</span> <span class='ocrx_word' id='word_1_241' title='bbox 1059 1217 1145 1250; x_wconf 88' lang='lat' dir='ltr'>redit</span> <span class='ocrx_word' id='word_1_242' title='bbox 1168 1217 1329 1259; x_wconf 89' lang='lat' dir='ltr'>memoria,</span> 
     </span>
     <span class='ocr_line' id='line_1_68' title="bbox 924 1263 1349 1307; baseline 0.002 -11"><span class='ocrx_word' id='word_1_243' title='bbox 924 1264 1039 1297; x_wconf 83' lang='lat' dir='ltr'>Coram</span> <span class='ocrx_word' id='word_1_244' title='bbox 1062 1267 1096 1297; x_wconf 87' lang='lat' dir='ltr'>te</span> <span class='ocrx_word' id='word_1_245' title='bbox 1117 1264 1157 1297; x_wconf 85' lang='lat' dir='ltr'>fit</span> <span class='ocrx_word' id='word_1_246' title='bbox 1181 1263 1349 1307; x_wconf 78' lang='lat' dir='ltr'>confessio,</span> 
     </span>
     <span class='ocr_line' id='line_1_69' title="bbox 922 1312 1366 1357; baseline 0.005 -13"><span class='ocrx_word' id='word_1_247' title='bbox 922 1312 997 1345; x_wconf 88' lang='lat' dir='ltr'>Tibi</span> <span class='ocrx_word' id='word_1_248' title='bbox 1020 1315 1135 1357; x_wconf 86' lang='lat' dir='ltr'>patent</span> <span class='ocrx_word' id='word_1_249' title='bbox 1156 1313 1366 1354; x_wconf 73' lang='lat' dir='ltr'>praecordia3</span> 
     </span>
     <span class='ocr_line' id='line_1_70' title="bbox 921 1359 1253 1394; baseline -0.003 0"><span class='ocrx_word' id='word_1_250' title='bbox 921 1362 1014 1394; x_wconf 89' lang='lat' dir='ltr'>Adeo</span> <span class='ocrx_word' id='word_1_251' title='bbox 1040 1370 1110 1393; x_wconf 89' lang='lat' dir='ltr'>cum</span> <span class='ocrx_word' id='word_1_252' title='bbox 1134 1359 1253 1393; x_wconf 89' lang='lat' dir='ltr'>fiducia</span> 
     </span>
     <span class='ocr_line' id='line_1_71' title="bbox 922 1408 1373 1452; baseline 0.002 -11"><span class='ocrx_word' id='word_1_253' title='bbox 922 1408 998 1441; x_wconf 83' lang='lat' dir='ltr'>Tibi</span> <span class='ocrx_word' id='word_1_254' title='bbox 1021 1418 1202 1452; x_wconf 89' lang='lat' dir='ltr'>precamur,</span> <span class='ocrx_word' id='word_1_255' title='bbox 1227 1408 1373 1451; x_wconf 91' lang='lat' dir='ltr'>Domine,</span> 
     </span>
    </p>

    <p class='ocr_par' dir='ltr' id='par_1_17' title="bbox 849 1456 1392 1642">
     <span class='ocr_line' id='line_1_72' title="bbox 849 1456 1291 1500; baseline -0.002 -11"><span class='ocrx_word' id='word_1_256' title='bbox 849 1457 906 1490; x_wconf 84' lang='lat'>40.</span> <span class='ocrx_word' id='word_1_257' title='bbox 921 1457 981 1497; x_wconf 79' lang='lat' dir='ltr'>Qui</span> <span class='ocrx_word' id='word_1_258' title='bbox 1006 1465 1038 1488; x_wconf 91' lang='lat' dir='ltr'>es</span> <span class='ocrx_word' id='word_1_259' title='bbox 1064 1457 1133 1489; x_wconf 90' lang='lat' dir='ltr'>sine</span> <span class='ocrx_word' id='word_1_260' title='bbox 1157 1456 1291 1500; x_wconf 87' lang='lat' dir='ltr'>malitia,</span> 
     </span>
     <span class='ocr_line' id='line_1_73' title="bbox 922 1504 1338 1548; baseline -0.002 -10"><span class='ocrx_word' id='word_1_261' title='bbox 922 1504 1015 1538; x_wconf 85' lang='lat' dir='ltr'>Solus</span> <span class='ocrx_word' id='word_1_262' title='bbox 1042 1514 1075 1537; x_wconf 91' lang='lat' dir='ltr'>es</span> <span class='ocrx_word' id='word_1_263' title='bbox 1100 1504 1170 1537; x_wconf 89' lang='lat' dir='ltr'>sine</span> <span class='ocrx_word' id='word_1_264' title='bbox 1196 1506 1338 1548; x_wconf 88' lang='lat' dir='ltr'>crimine,</span> 
     </span>
     <span class='ocr_line' id='line_1_74' title="bbox 919 1552 1219 1593; baseline 0 -8"><span class='ocrx_word' id='word_1_265' title='bbox 919 1553 959 1585; x_wconf 89' lang='lat' dir='ltr'>In</span> <span class='ocrx_word' id='word_1_266' title='bbox 983 1555 1039 1584; x_wconf 87' lang='lat' dir='ltr'>tua</span> <span class='ocrx_word' id='word_1_267' title='bbox 1061 1552 1219 1593; x_wconf 87' lang='lat' dir='ltr'>patientia</span> 
     </span>
     <span class='ocr_line' id='line_1_75' title="bbox 918 1600 1392 1642; baseline 0.006 -10"><span class='ocrx_word' id='word_1_268' title='bbox 918 1601 1081 1633; x_wconf 89' lang='lat' dir='ltr'>Memento</span> <span class='ocrx_word' id='word_1_269' title='bbox 1106 1601 1218 1642; x_wconf 84' lang='lat' dir='ltr'>nostri,</span> <span class='ocrx_word' id='word_1_270' title='bbox 1245 1600 1392 1635; x_wconf 87' lang='lat' dir='ltr'>Domine.</span> 
     </span>
    </p>
   </div>
   <div class='ocr_carea' id='block_1_9' title="bbox 1132 1707 1192 1740">
    <p class='ocr_par' dir='ltr' id='par_1_18' title="bbox 1132 1707 1192 1740">
     <span class='ocr_line' id='line_1_76' title="bbox 1132 1707 1192 1740; baseline 0 -1"><span class='ocrx_word' id='word_1_271' title='bbox 1132 1707 1192 1740; x_wconf 92' lang='grc' dir='ltr'>ΠΙ,</span> 
     </span>
    </p>
   </div>
   <div class='ocr_carea' id='block_1_10' title="bbox 840 1774 1452 2497">
    <p class='ocr_par' dir='ltr' id='par_1_19' title="bbox 872 1774 1386 1914">
     <span class='ocr_line' id='line_1_77' title="bbox 872 1774 1386 1818; baseline 0.002 -11"><span class='ocrx_word' id='word_1_272' title='bbox 872 1774 903 1807; x_wconf 84' lang='grc'>1.</span> <span class='ocrx_word' id='word_1_273' title='bbox 918 1776 1005 1818; x_wconf 82' lang='lat' dir='ltr'>Jesu,</span> <span class='ocrx_word' id='word_1_274' title='bbox 1033 1775 1089 1807; x_wconf 86' lang='lat' dir='ltr'>lux</span> <span class='ocrx_word' id='word_1_275' title='bbox 1116 1777 1148 1806; x_wconf 92' lang='lat' dir='ltr'>et</span> <span class='ocrx_word' id='word_1_276' title='bbox 1171 1784 1229 1807; x_wconf 86' lang='lat' dir='ltr'>rex</span> <span class='ocrx_word' id='word_1_277' title='bbox 1254 1775 1386 1818; x_wconf 89' lang='lat' dir='ltr'>gloriae,</span> 
     </span>
     <span class='ocr_line' id='line_1_78' title="bbox 916 1822 1301 1867; baseline 0 -11"><span class='ocrx_word' id='word_1_278' title='bbox 916 1822 983 1856; x_wconf 86' lang='lat' dir='ltr'>Fili</span> <span class='ocrx_word' id='word_1_279' title='bbox 1006 1822 1068 1855; x_wconf 92' lang='lat' dir='ltr'>Dei</span> <span class='ocrx_word' id='word_1_280' title='bbox 1099 1825 1131 1856; x_wconf 92' lang='lat' dir='ltr'>et</span> <span class='ocrx_word' id='word_1_281' title='bbox 1154 1823 1301 1867; x_wconf 82' lang='lat' dir='ltr'>hominiS,</span> 
     </span>
     <span class='ocr_line' id='line_1_79' title="bbox 914 1869 1301 1914; baseline -0.003 -9"><span class='ocrx_word' id='word_1_282' title='bbox 914 1871 1004 1914; x_wconf 79' lang='lat' dir='ltr'>Jesu,</span> <span class='ocrx_word' id='word_1_283' title='bbox 1031 1869 1090 1905; x_wconf 89' lang='lat' dir='ltr'>flos</span> <span class='ocrx_word' id='word_1_284' title='bbox 1115 1871 1301 1914; x_wconf 85' lang='lat' dir='ltr'>pudicitiae,</span> 
     </span>
    </p>

    <p class='ocr_par' dir='ltr' id='par_1_20' title="bbox 915 1919 1301 1961">
     <span class='ocr_line' id='line_1_80' title="bbox 915 1919 1301 1961; baseline 0 -10"><span class='ocrx_word' id='word_1_285' title='bbox 915 1919 982 1951; x_wconf 88' lang='lat' dir='ltr'>Fili</span> <span class='ocrx_word' id='word_1_286' title='bbox 1005 1919 1131 1952; x_wconf 89' lang='lat' dir='ltr'>Mariae</span> <span class='ocrx_word' id='word_1_287' title='bbox 1155 1920 1301 1961; x_wconf 76' lang='lat' dir='ltr'>virginis,</span> 
     </span>
    </p>

    <p class='ocr_par' dir='ltr' id='par_1_21' title="bbox 869 1967 1452 2195">
     <span class='ocr_line' id='line_1_81' title="bbox 869 1967 1452 2013; baseline 0.003 -13"><span class='ocrx_word' id='word_1_288' title='bbox 869 1968 900 2000; x_wconf 86' lang='lat'>5.</span> <span class='ocrx_word' id='word_1_289' title='bbox 914 1967 999 2000; x_wconf 90' lang='lat' dir='ltr'>Dum</span> <span class='ocrx_word' id='word_1_290' title='bbox 1023 1967 1103 2000; x_wconf 88' lang='lat' dir='ltr'>haec</span> <span class='ocrx_word' id='word_1_291' title='bbox 1127 1968 1217 2009; x_wconf 86' lang='lat' dir='ltr'>virgo</span> <span class='ocrx_word' id='word_1_292' title='bbox 1240 1969 1452 2013; x_wconf 87' lang='lat' dir='ltr'>sanctissima,</span> 
     </span>
     <span class='ocr_line' id='line_1_82' title="bbox 916 2016 1320 2060; baseline 0.002 -12"><span class='ocrx_word' id='word_1_293' title='bbox 916 2016 999 2048; x_wconf 83' lang='lat' dir='ltr'>Tota</span> <span class='ocrx_word' id='word_1_294' title='bbox 1021 2016 1120 2056; x_wconf 88' lang='lat' dir='ltr'>plena</span> <span class='ocrx_word' id='word_1_295' title='bbox 1145 2016 1320 2060; x_wconf 82' lang='lat' dir='ltr'>doloribus,</span> 
     </span>
     <span class='ocr_line' id='line_1_83' title="bbox 915 2064 1306 2098; baseline 0.003 -1"><span class='ocrx_word' id='word_1_296' title='bbox 915 2064 1064 2097; x_wconf 76' lang='lat' dir='ltr'>Genitrix</span> <span class='ocrx_word' id='word_1_297' title='bbox 1088 2065 1306 2098; x_wconf 83' lang='lat' dir='ltr'>amantissima</span> 
     </span>
     <span class='ocr_line' id='line_1_84' title="bbox 914 2112 1380 2157; baseline 0.004 -12"><span class='ocrx_word' id='word_1_298' title='bbox 914 2113 978 2145; x_wconf 89' lang='lat' dir='ltr'>Tot</span> <span class='ocrx_word' id='word_1_299' title='bbox 1002 2112 1148 2146; x_wconf 85' lang='lat' dir='ltr'>confecta</span> <span class='ocrx_word' id='word_1_300' title='bbox 1172 2114 1380 2157; x_wconf 85' lang='lat' dir='ltr'>moeroribus,</span> 
     </span>
     <span class='ocr_line' id='line_1_85' title="bbox 913 2161 1300 2195; baseline 0.005 -2"><span class='ocrx_word' id='word_1_301' title='bbox 913 2161 984 2194; x_wconf 85' lang='lat' dir='ltr'>Tua</span> <span class='ocrx_word' id='word_1_302' title='bbox 1007 2164 1111 2194; x_wconf 89' lang='lat' dir='ltr'>mater</span> <span class='ocrx_word' id='word_1_303' title='bbox 1137 2162 1300 2195; x_wconf 85' lang='lat' dir='ltr'>carissima</span> 
     </span>
    </p>

    <p class='ocr_par' dir='ltr' id='par_1_22' title="bbox 840 2209 1407 2497">
     <span class='ocr_line' id='line_1_86' title="bbox 843 2209 1315 2253; baseline 0.002 -11"><span class='ocrx_word' id='word_1_304' title='bbox 843 2209 899 2243; x_wconf 82' lang='lat'>10.</span> <span class='ocrx_word' id='word_1_305' title='bbox 913 2210 977 2242; x_wconf 82' lang='lat' dir='ltr'>Tot</span> <span class='ocrx_word' id='word_1_306' title='bbox 999 2218 1154 2250; x_wconf 85' lang='lat' dir='ltr'>percussa</span> <span class='ocrx_word' id='word_1_307' title='bbox 1176 2209 1315 2253; x_wconf 84' lang='lat' dir='ltr'>fletibus,</span> 
     </span>
     <span class='ocr_line' id='line_1_87' title="bbox 914 2258 1302 2300; baseline 0.003 -9"><span class='ocrx_word' id='word_1_308' title='bbox 914 2258 1034 2291; x_wconf 83' lang='lat' dir='ltr'>Nutrix</span> <span class='ocrx_word' id='word_1_309' title='bbox 1059 2259 1302 2300; x_wconf 86' lang='lat' dir='ltr'>diligentissima</span> 
     </span>
     <span class='ocr_line' id='line_1_88' title="bbox 912 2305 1327 2351; baseline 0.005 -12"><span class='ocrx_word' id='word_1_310' title='bbox 912 2307 975 2339; x_wconf 92' lang='lat' dir='ltr'>Tot</span> <span class='ocrx_word' id='word_1_311' title='bbox 999 2305 1104 2341; x_wconf 85' lang='lat' dir='ltr'>fracta</span> <span class='ocrx_word' id='word_1_312' title='bbox 1126 2307 1327 2351; x_wconf 87' lang='lat' dir='ltr'>singultibus,</span> 
     </span>
     <span class='ocr_line' id='line_1_89' title="bbox 912 2356 1361 2391; baseline 0.002 -1"><span class='ocrx_word' id='word_1_313' title='bbox 912 2356 1012 2390; x_wconf 81' lang='lat' dir='ltr'>Juxta</span> <span class='ocrx_word' id='word_1_314' title='bbox 1038 2365 1164 2389; x_wconf 84' lang='lat' dir='ltr'>crucem</span> <span class='ocrx_word' id='word_1_315' title='bbox 1188 2357 1361 2391; x_wconf 88' lang='lat' dir='ltr'>adsisteret</span> 
     </span>
     <span class='ocr_line' id='line_1_90' title="bbox 910 2404 1407 2450; baseline 0.01 -14"><span class='ocrx_word' id='word_1_316' title='bbox 910 2404 956 2437; x_wconf 87' lang='lat' dir='ltr'>Et</span> <span class='ocrx_word' id='word_1_317' title='bbox 979 2406 1012 2436; x_wconf 90' lang='lat' dir='ltr'>te</span> <span class='ocrx_word' id='word_1_318' title='bbox 1032 2406 1227 2446; x_wconf 85' lang='lat' dir='ltr'>pendentem</span> <span class='ocrx_word' id='word_1_319' title='bbox 1253 2410 1407 2450; x_wconf 88' lang='lat' dir='ltr'>cerneret,</span> 
     </span>
     <span class='ocr_line' id='line_1_91' title="bbox 840 2452 1405 2497; baseline 0.004 -9"><span class='ocrx_word' id='word_1_320' title='bbox 840 2453 896 2488; x_wconf 87' lang='lat'>15.</span> <span class='ocrx_word' id='word_1_321' title='bbox 909 2452 996 2486; x_wconf 86' lang='lat' dir='ltr'>Dum</span> <span class='ocrx_word' id='word_1_322' title='bbox 1020 2456 1180 2488; x_wconf 88' lang='lat' dir='ltr'>tormenta</span> <span class='ocrx_word' id='word_1_323' title='bbox 1205 2456 1405 2497; x_wconf 87' lang='lat' dir='ltr'>conspiceret</span> 
     </span>
    </p>
   </div>
  </div>
 </body>
</html>
