1653 2668
699 138 856 175 —241
915 160 959 165 —

167 235 224 270 29.
250 234 374 274 Regum
398 236 515 277 turres,
548 244 728 277 pauperum
751 245 804 269 res
864 238 919 272 36.
946 237 1008 270 Est
1029 237 1168 269 humana
1190 237 1292 269 virtus
1316 244 1409 277 vana,

301 282 405 315 Simili
430 283 572 326 interitu,
993 285 1071 327 Scis,
1099 284 1183 326 quod
1205 286 1254 317 est
1276 284 1310 316 in
1334 283 1471 321 homine,

253 331 355 372 Opum
382 331 496 370 plenus
523 334 555 363 et
580 341 697 372 egenus
944 333 1027 366 Nam
1060 334 1095 365 in
1119 333 1229 373 parvis
1251 331 1370 364 nostris
1395 329 1492 363 armis

299 379 412 418 Aequo
440 379 559 412 cadunt
584 379 683 413 obitu,
991 381 1064 414 Non
1090 382 1259 421 salvamur,
1285 380 1430 413 Domine.

168 447 224 480 30.
252 446 357 486 Regni
381 447 476 479 sedes
503 447 545 479 da
568 447 724 480 haeredes
862 449 917 483 37,
944 448 1047 488 Saepe
1071 448 1143 481 nisa
1167 451 1200 480 et
1224 447 1342 480 confisa

299 494 392 526 Meos
418 503 479 534 pro
503 503 555 526 me
577 496 734 527 scandere
993 495 1137 537 Sequelis
1163 495 1273 528 auxilii

248 542 292 575 Et
318 544 469 582 pacatum
494 543 588 584 regni
613 545 732 575 statum
944 544 1042 576 Retro
1068 544 1169 584 vadit,
1194 545 1229 576 in
1253 552 1287 575 se
1313 543 1401 575 cadit

300 590 347 622 Te
371 592 498 623 tutante
522 599 644 631 regere.
994 591 1050 623 Vis
1076 600 1190 632 expers
1214 590 1347 625 consilii.

167 657 223 691 31.
252 657 362 690 Meum
388 658 508 690 clerum
536 658 578 690 da
601 658 761 691 sincerum
863 660 918 694 38.
945 659 1009 693 Sed
1037 660 1077 692 de
1100 659 1214 691 throno
1239 661 1293 691 tuo
1320 658 1402 691 dono

299 706 365 738 Fas
391 708 422 737 et
445 706 498 745 jus
522 706 640 747 eligere
991 706 1102 739 Virtus
1126 707 1220 740 adest
1244 706 1372 747 coelica,

252 754 299 787 Et
325 754 441 787 devota
461 756 568 787 mente
592 756 661 787 tota
945 755 1008 788 Per
1041 763 1133 796 quam
1170 755 1272 797 datur,
1300 756 1492 795 procuratur

298 802 347 834 Te
368 801 473 834 Deum
501 802 646 843 diligere.
989 802 1041 836 De
1058 804 1152 835 hoste
1176 803 1318 836 victoria.

166 871 223 904 32.
250 870 373 902 Vivant
394 869 442 902 ita
465 868 551 902 bona
573 871 652 914 vita,
863 872 918 904 39.
944 871 1066 904 Nostra
1089 873 1162 903 sata
1186 870 1352 911 duplicata

298 918 345 951 Ut
369 917 430 950 tibi
456 918 685 962 complaceant,
992 918 1060 951 Nos
1086 916 1178 959 fruge
1202 917 1386 958 laetificent,

247 965 351 999 Nobis
376 975 521 998 normam
546 968 643 1007 atque
668 965 803 998 formam
944 966 1066 999 Nostra
1092 967 1178 998 culta
1202 974 1305 998 messe
1328 966 1430 997 multa

296 1014 437 1047 Vivendi
462 1023 497 1045 se
522 1013 708 1055 praebeant.
993 1013 1122 1054 Copiam
1149 1014 1374 1053 multiplicent.

167 1083 222 1116 33.
249 1081 429 1121 Populique
453 1082 515 1113 mei
543 1081 659 1122 quique
860 1082 916 1116 40.
942 1080 996 1113 Sic
1019 1083 1155 1122 utamur,
1181 1080 1228 1112 sic
1253 1078 1396 1113 fruamur

303 1129 471 1163 Commissi
496 1129 643 1169 regimini
991 1128 1089 1162 Bonis
1114 1128 1353 1170 temporalibus,

248 1178 441 1219 Dirigantur
466 1180 499 1209 et
523 1177 703 1210 subdantur
943 1177 989 1210 Ut
1012 1177 1180 1218 laetemur,
1203 1176 1416 1217 jucundemur

296 1226 365 1259 Tuo
390 1226 611 1259 moderamini.
992 1224 1111 1257 Tecum
1133 1225 1166 1257 in
1194 1224 1393 1258 coelestibus,

166 1295 223 1328 34.
249 1294 311 1326 His
336 1294 479 1336 intende,
506 1294 564 1326 hos
591 1291 740 1335 defende,
861 1293 916 1325 41.
943 1292 988 1324 Et
1011 1301 1153 1325 meorum
1178 1292 1430 1332 propinquorum

297 1342 359 1374 His
385 1344 418 1373 te
440 1342 563 1384 praebe
587 1341 736 1381 clipeum,
990 1340 1165 1373 Miseratus
1190 1341 1312 1372 animas

249 1390 418 1430 Sceptrum
433 1394 531 1431 tuum,
551 1398 683 1431 regnum
700 1391 800 1432 tuum,
942 1388 1011 1421 Has
1033 1388 1164 1421 absolve
1189 1390 1221 1420 et
1248 1387 1377 1420 revolve

296 1438 482 1472 Dominaris
507 1438 661 1479 gentium.
990 1437 1189 1469 Delictorum
1212 1436 1363 1470 maculae.

165 1508 220 1541 35.
247 1505 353 1540 Aufer
376 1505 465 1539 bella
491 1508 523 1538 et
545 1504 675 1547 flagella
861 1505 915 1537 42.
942 1503 1033 1536 Vivis
1059 1504 1181 1536 cunctis
1206 1506 1239 1535 et
1264 1502 1435 1543 defunctis,

295 1555 384 1588 Tuae
408 1554 606 1595 iracundiae,

243 1604 346 1637 Nobis
371 1611 479 1646 parce,
507 1603 615 1636 hostes
641 1610 726 1643 arce,

298 1652 415 1685 Pacem
439 1651 533 1684 nobis
558 1651 675 1683 tribue.

988 1552 1134 1592 Domine,
1159 1550 1309 1584 fidelibus

940 1600 993 1633 Da
1016 1602 1184 1640 paccatam
1212 1602 1244 1631 et
1268 1599 1393 1632 beatam

991 1647 1098 1681 Vitam
1122 1648 1157 1680 in
1182 1648 1384 1682 coelestibus

241 1718 310 1748 Cod.
340 1718 486 1747 Oxonien.
511 1719 614 1746 Douce
641 1714 697 1745 287
724 1724 800 1744 saee.
829 1714 873 1744 13.
903 1729 943 1734 —-
967 1715 1031 1743 Das
1060 1714 1187 1744 Gediuht
1210 1716 1250 1742 ist
1273 1723 1333 1742 von
1353 1714 1488 1743 William

161 1759 227 1787 Fitz
255 1757 400 1794 Stephen,
433 1758 499 1786 dem
526 1756 696 1784 bekannten
723 1754 882 1791 Anlikmger
911 1753 972 1781 und
1001 1753 1191 1791 Biographen
1218 1753 1268 1781 des
1298 1753 1339 1780 hl.
1359 1753 1488 1780 Thomas

160 1796 281 1826 Becket.
320 1797 378 1825 Die
392 1796 446 1824 Η5.
469 1795 521 1823 der
534 1795 607 1823 Vita
624 1794 705 1822 fiihrt
720 1802 749 1821 es
764 1794 820 1821 mit
832 1794 883 1821 der
895 1793 1085 1830 Bemerkung
1097 1793 1159 1820 ein:
1182 1791 1387 1826 „Wi111elmus‚
1408 1790 1487 1820 filius

162 1835 323 1872 Stephani,
352 1844 405 1872 per
426 1835 591 1863 orationem
611 1841 709 1866 unam,
731 1840 818 1869 quam
839 1832 950 1860 fecerat
970 1833 999 1859 et
1018 1832 1081 1867 regi
1101 1832 1133 1858 in
1154 1831 1270 1867 capella
1290 1830 1326 1858 de
1345 1829 1490 1858 Bruhulla

161 1875 290 1908 dederat,
318 1883 423 1911 pacem
449 1874 563 1901 habuit.
603 1872 688 1900 Haec
716 1873 814 1899 autem
840 1872 886 1899 est
911 1870 966 1898 illa
992 1871 1086 1898 oratio
1115 1870 1235 1906 propria
1261 1869 1384 1896 Domini
1408 1870 1485 1906 regis

161 1911 355 1951 Ang101·um.“
377 1927 415 1932 ——-
436 1911 469 1947 6,
496 1910 514 1939 2
542 1910 828 1948 superliminaribus.
850 1924 887 1929 -—
907 1907 960 1943 25,
988 1907 1007 1935 2
1029 1908 1174 1946 Cuiquam
1196 1908 1311 1936 tollere.
1335 1923 1372 1927 —
1392 1905 1447 1943 26,
1472 1907 1489 1936 6

161 1954 280 1989 Queant
299 1952 464 1981 devincere.

593 2092 665 2124 222.
705 2091 818 2124 Lessus
838 2089 1065 2123 Poenitentiae.

859 2202 892 2235 2.
918 2200 1040 2241 Tuque,
1064 2199 1109 2232 mi
1125 2199 1323 2244 redemptor,
1350 2200 1488 2246 Christe,

965 2248 1011 2281 fili
1037 2248 1139 2289 patris
1165 2249 1293 2292 optimc,

916 2297 1060 2338 Dignare
1083 2300 1138 2330 tuo
1165 2306 1234 2330 cum
1259 2300 1353 2339 patre

963 2355 1024 2388 me,
1051 2354 1178 2390 quaeso,
1201 2346 1371 2391 respicere,

916 2396 962 2430 Ut
986 2397 1152 2435 respectus
1177 2396 1297 2436 possim
1322 2395 1400 2429 flere

958 2444 1056 2476 miser
1081 2444 1290 2479 amarissime.

1280 2500 1315 2530 16

160 2208 192 2242 1.
221 2206 246 2241 Ο
273 2205 319 2238 mi
346 2205 465 2244 custos,
491 2212 510 2236 0
536 2202 581 2235 mi
602 2202 709 2247 heros,

268 2254 313 2287 mi
337 2256 431 2294 pater
455 2251 648 2292 misericors,

217 2303 342 2343 Flecte,
368 2307 497 2344 precor,
524 2300 566 2333 ad
591 2308 643 2332 mc
668 2301 738 2332 tuos

266 2352 461 2386 miseranter
484 2350 603 2390 oculos,

215 2402 337 2436 Lucem
362 2407 462 2439 super
487 2406 612 2431 omnem
629 2396 793 2439 pulchros,

269 2457 368 2491 super
393 2448 494 2481 solem
519 2445 720 2488 splendidos.

156 2521 159 2524 ·
213 2512 342 2537 Dromas,
358 2507 403 2532 Pia
416 2507 562 2531 Dictamina..
