1655 2669
738 137 994 173 —257—

210 234 267 267 47.
291 233 435 266 Inimieis
461 237 512 266 est
535 235 655 268 amicus

291 280 337 313 Et
360 282 441 315 nulli
467 285 517 315 est
539 282 698 328 inimicus,

342 330 407 362 Sed
434 331 538 364 cultor
560 331 717 373 justitiae,

294 377 428 419 Culpam
452 379 531 421 odit,
557 388 621 412 11011
646 383 803 425 naturam,

292 426 425 459 Omnem
451 429 554 460 cernit
580 430 757 460 creaturam

339 474 528 508 Columbina
552 474 646 510 facie.

207 534 264 566 48.
291 532 398 564 Tanta
422 531 551 566 flamma
576 536 625 565 est
647 534 775 575 amoris,

289 580 386 612 Tanti
412 590 502 614 amor
527 583 576 614 est
600 581 738 622 ardoris,

337 628 385 661 Ut
409 629 569 670 exstingui
593 631 748 670 nequeat3

285 676 393 709 Nullis
418 678 509 717 aquis
535 677 755 718 exstinguitur,

287 724 357 756 Nee
380 723 511 757 flumine
536 725 693 765 obruitur,

336 773 419 812 Quin
444 774 582 814 amplius
606 773 729 805 ardeat.

906 238 961 271 49.
989 237 1014 270 O
1041 244 1132 277 quam
1159 235 1300 275 amplum
1322 235 1481 276 palatium

986 283 1136 318 Caritatis
1162 285 1211 316 est
1234 284 1399 325 gremium,

1036 332 1074 364 In
1100 340 1160 372 quo
1186 331 1287 363 omnis
1310 330 1444 371 recipit,

985 381 1031 413 Et
1054 379 1172 413 invidis
1199 382 1231 411 et
1254 379 1387 422 ingratis

987 428 1096 461 Sinum
1122 427 1237 468 pandit
1260 427 1400 468 pietatis,

1034 475 1165 509 Nullum
1191 486 1211 508 a
1235 484 1270 507 se
1295 475 1425 515 excipit.

904 534 958 567 50.
985 534 1086 566 Amor
1112 535 1161 564 est
1184 533 1251 565 vita
1276 534 1424 573 omnium,

986 582 1093 615 Unum
1120 584 1169 612 est
1192 582 1424 621 necessarium,

1032 629 1141 663 Omnis
1169 629 1272 662 virtus
1297 629 1362 662 alia

981 677 1056 709 Sine
1081 686 1117 709 eo
1142 686 1206 709 non
1230 676 1368 721 proficit,

981 725 1027 757 Et
1053 725 1210 765 delinquit
1234 729 1266 757 et
1292 724 1409 767 deficit,

1029 773 1075 806 Et
1097 772 1179 805 nihil
1203 776 1278 805 sunt
1301 773 1417 806 omnia.

284 839 354 867 Cod.
377 839 588 876 Carlopolitan.
609 837 658 871 (ol.
682 839 857 867 Cal-thusiae
876 839 987 866 Montis
1007 838 1076 875 Dei)
1095 847 1171 867 saee-
1195 837 1238 867 14.
1258 839 1293 867 A.
1314 855 1318 860 ·
1372 839 1457 874 Orat,
1472 849 1527 868 ms.

206 880 371 914 Campense
392 880 462 906 anni
485 875 567 906 1462.
590 877 659 905 Cod.
681 874 901 906 Darinstadien.
922 875 987 905 521.
1010 878 1041 905 B.
1064 892 1098 896 —
1119 878 1271 905 Letzteres
1293 880 1347 906 mit
1366 878 1417 905 der
1436 876 1528 909 Uber-

205 917 325 946 sehrift:
349 919 475 945 Sanetus
495 916 664 945 Bernartius
685 916 720 944 de
741 924 849 944 amore.
872 931 911 935 —
924 915 981 944 Str.
1005 914 1098 943 1—26
1118 915 1216 943 fehlen
1229 917 1262 944 B.
1283 931 1320 935 —
1341 915 1385 949 29,
1406 914 1424 943 2
1445 916 1528 944 affari

202 957 238 984 A.
270 970 308 976 -—
338 953 388 987 30.
419 954 436 983 5
456 956 553 983 Tarde
579 962 697 990 quoque
722 956 857 982 invenire
877 955 910 982 B.
937 969 975 973 —
1004 955 1089 982 Naeh
1110 953 1167 981 Str.
1195 952 1232 982 30
1252 955 1352 991 folgen
1372 955 1404 981 111
1424 955 1448 982 Β
1469 954 1527 984 Str.

204 992 249 1029 35,
271 992 291 1021 4
310 994 357 1022 bis
378 992 425 1027 40,
448 992 473 1022 1.
495 1008 533 1012 —-
554 990 600 1025 31,
623 991 640 1020 6
656 993 823 1029 Quidquam
845 993 872 1020 ei
892 994 1005 1030 gratius
1020 993 1053 1020 Β.
1075 1006 1112 1012 -
1131 990 1179 1025 32,
1203 991 1218 1020 1
1232 993 1295 1021 Nec
1315 1001 1425 1030 sponsa
1437 993 1528 1021 habet

201 1033 237 1061 B.
266 1047 302 1052 —
329 1029 380 1067 32,
409 1030 429 1060 4
455 1041 517 1068 sqq.
547 1031 646 1059 fehlen
666 1031 699 1058 B.
720 1045 758 1050 —
778 1032 846 1059 Von
867 1030 923 1059 Str.
945 1028 983 1059 34
1003 1032 1118 1068 springt
1136 1031 1160 1059 B
1182 1031 1235 1058 auf
1252 1030 1308 1059 Str.
1329 1030 1366 1060 40
1387 1032 1467 1059 iiber.
1489 1048 1499 1052 -

203 1069 256 1104 35,
288 1069 303 1098 1
334 1071 381 1098 bis
406 1068 426 1098 4
451 1071 550 1098 fehlen
570 1069 603 1096 B.
632 1083 668 1087 —
693 1067 744 1103 40,
772 1067 789 1097 5
810 1068 851 1097 Et
878 1069 1010 1097 abundat
1025 1070 1057 1096 in
1078 1070 1110 1097 Β.
1131 1084 1167 1088 -
1189 1070 1272 1097 Naeh
1291 1068 1343 1105 44,
1374 1067 1391 1098 3
1414 1070 1529 1098 sehiebt

200 1110 225 1137 Β
248 1110 311 1138 ein:

602 1146 694 1173 Amor
713 1154 774 1173 non
795 1146 858 1183 agit
876 1154 1040 1183 perperam,

602 1185 671 1212 Non
692 1185 853 1217 sinistram,
873 1192 934 1212 non
954 1184 1104 1213 dexteram

639 1222 714 1258 Ejus
735 1222 826 1251 habet
846 1223 932 1250 aetio.

197 1271 245 1308 45,
269 1269 283 1300 1
304 1271 395 1299 Amor
416 1280 481 1300 esse
500 1271 669 1300 defaecatus
688 1271 722 1298 B.
743 1285 781 1289 —
801 1268 848 1305 45,
868 1268 887 1298 4
900 1270 942 1298 Et
961 1271 1037 1299 nihil
1058 1272 1180 1299 mixtum
1201 1271 1311 1300 habeat
1322 1272 1355 1300 B.
1376 1287 1414 1290 —
1435 1270 1482 1306 46,
1506 1271 1521 1300 1

198 1311 277 1339 idem
306 1319 421 1347 semper
445 1313 547 1338 manet
569 1310 603 1337 B.
630 1324 668 1328 —
695 1307 748 1344 46,
776 1307 794 1336 2
815 1308 936 1345 Semper
961 1310 1059 1337 locum
1087 1318 1171 1338 suum
1198 1312 1278 1338 tenet
1296 1311 1330 1338 Β.
1360 1326 1398 1331 -—
1425 1308 1478 1346 46,
1504 1309 1522 1339 3

198 1349 312 1377 Locum
334 1349 367 1376 B.
388 1365 426 1368 —
446 1347 493 1383 46,
514 1347 533 1377 4
553 1356 617 1384 sqq.
637 1347 740 1375 lauten
759 1349 791 1376 in
811 1348 848 1376 B:

601 1385 669 1413 Stat
687 1385 809 1414 firmiter
830 1388 859 1413 et
878 1395 939 1414 non
957 1389 1052 1420 nutat,

602 1423 719 1452 Statum
742 1434 827 1453 suum
846 1433 997 1461 nunquam
1017 1426 1119 1459 mutat,

639 1462 755 1490 Statum
775 1463 945 1500 patientiae.

196 1501 243 1539 47,
261 1501 279 1531 3
293 1502 361 1530 Nisi
382 1503 560 1530 inimicitiae
573 1502 606 1529 B.
626 1517 644 1521 —
684 1499 731 1536 48,
753 1500 771 1528 2
792 1501 878 1530 ardor
902 1504 947 1530 est
958 1502 993 1530 Α.
1009 1517 1046 1521 -
1060 1501 1105 1536 50,
1127 1500 1145 1529 2
1162 1501 1234 1530 Sine
1248 1510 1303 1538 quc
1319 1502 1520 1530 necessarium

196 1542 231 1569 A.
252 1555 290 1561 —-
311 1538 357 1575 50,
379 1539 397 1569 3
417 1541 474 1569 Est
494 1541 589 1569 omnis
610 1540 645 1568 A.
667 1555 702 1559 —
723 1538 768 1576 50,
790 1539 807 1568 5
828 1539 871 1567 Et
889 1540 997 1568 delirat
1016 1543 1046 1568 et
1062 1542 1095 1569 B.
1119 1555 1156 1560 —
1176 1540 1233 1568 Am
1255 1541 1394 1569 Sehlusse
1416 1541 1482 1578 fiigt
1495 1542 1519 1569 B

195 1581 273 1608 noch
292 1580 342 1607 bei

637 1617 736 1651 Amor,
758 1626 840 1646 amor
860 1617 954 1645 dulcis
973 1618 1068 1652 labor,

675 1655 767 1684 Amor
787 1656 883 1684 vineit
903 1657 1011 1684 omnia.

596 1787 660 1818 227.
700 1787 744 1819 De
765 1786 880 1819 Ordine
899 1794 923 1818 5.
944 1786 1113 1820 Benedicti.

194 1879 227 1912 1.
253 1880 352 1912 Sacer
378 1879 457 1912 ordo
482 1878 653 1912 Benedicti

253 1926 365 1961 Utitur
391 1927 510 1959 amictu
536 1927 607 1959 miti

300 1976 365 2008 Pro
391 1984 448 2008 suo
474 1975 642 2016 velamine,

191 2036 225 2068 2.
249 2033 348 2074 Albo,
374 2033 476 2074 nigro,
505 2034 670 2074 camelino,

247 2082 340 2115 Lana
365 2085 454 2114 texta
479 2083 549 2114 51110
573 2081 649 2126 lino,

296 2130 397 2165 Prout
421 2133 471 2162 est
493 2129 617 2171 religio.

190 2191 222 2223 3.
247 2188 312 2221 Hic
336 2188 512 2222 monarcha
532 2188 771 2229 monachorum,

248 2236 441 2271 Patriarcha
467 2240 516 2269 est
541 2239 737 2277 cunctorum,

300 2285 360 2325 Qui
386 2285 429 2318 ad
455 2294 489 2317 se
515 2283 719 2326 confugiunt3

184 2345 218 2378 4.
246 2343 430 2378 Coenobitis
455 2344 591 2384 praebet
614 2353 758 2377 normam

245 2393 291 2426 Et
315 2392 510 2426 anachoritis
536 2392 672 2425 formam

296 2440 375 2474 Vias
401 2443 507 2474 rectas
533 2441 670 2482 ingredi.

243 2503 369 2529 Drevos,
384 2501 428 2525 Pia
442 2502 587 2526 Dietamina.

890 1880 920 1912 5.
947 1878 1044 1919 Cujus
1068 1879 1225 1919 regularis
1248 1890 1324 1915 usus

948 1926 1042 1960 Nunc
1067 1927 1184 1968 ubique
1210 1931 1260 1960 est
1285 1929 1416 1962 diffusus

995 1975 1085 2008 Inter
1110 1975 1197 2008 orbis
1224 1977 1361 2023 elimata,

888 2035 920 2068 6.
947 2033 1030 2066 Nam
1057 2035 1179 2074 Specus
1205 2036 1309 2069 cultus
1336 2036 1436 2069 divini

946 2081 1114 2123 Loeusque
1138 2083 1255 2115 montis
1281 2084 1405 2118 Cassini

993 2131 1155 2163 Redolent
1180 2131 1361 2167 virtutibus.

890 2190 920 2222 7.
947 2188 1033 2221 Hine
1056 2188 1236 2222 Fuldenses
1263 2200 1333 2223 eum
1358 2191 1486 2226 fervore

948 2237 1097 2271 Claustra
1121 2238 1222 2271 multa
1248 2248 1318 2272 cum
1345 2241 1461 2274 decore

993 2285 1122 2327 Regunt
1146 2286 1180 2318 in
1203 2287 1385 2333 Almannia,

886 2345 916 2378 8.
943 2344 1075 2376 Adsunt
1098 2347 1131 2376 et
1156 2345 1381 2382 cluniacenses

945 2392 1110 2434 Simulque
1135 2394 1395 2431 Camaldulenses

995 2441 1073 2475 Cum
1100 2442 1373 2481 Cisterciensibus.

1310 2501 1343 2531 17
