1653 2668
478 245 515 276 In
541 242 673 274 excelsis
700 245 846 275 cantatur
874 243 987 284 gloria,

477 291 548 323 Hoc
572 289 744 322 secundum
769 291 889 331 angelis
918 289 1039 329 nuntia,

476 340 578 372 Deum
602 340 737 369 noscunt
762 340 838 370 tunc
861 337 1010 369 animalia

523 385 560 418 In
584 393 748 425 praesepe.

440 470 449 477 ,
475 443 612 475 Tei-num
639 442 752 474 stellae
775 443 883 482 regiae
913 441 1043 474 claritas

474 490 587 529 Magos
614 490 714 529 duxit,
740 489 927 521 Bethlehem
953 489 1065 521 civitas

475 538 543 570 Hos
565 537 715 579 suscepit,
739 536 879 569 Herodis
904 537 1048 576 pravitas

520 584 726 616 Memoratur.

473 632 623 671 Quartum
649 630 711 663 fuit
733 631 894 671 sepulchri
918 632 1052 672 novitas,

473 679 555 712 Dum
582 679 722 711 surrexit
744 678 806 710 Dei
831 679 1019 721 humanitas,

470 727 663 760 Judaeorum
688 735 790 767 prava
820 727 955 758 societas

517 774 715 807 Admiratur.

437 856 444 863 .
470 832 568 871 Virgo
593 833 695 863 mater
721 831 795 862 dum
820 831 903 863 vidit
926 830 1026 863 filium

469 878 720 919 Triumphando,
746 878 891 918 parando
916 878 1103 921 praemium,

469 926 566 960 Unde
590 926 685 965 venit,
712 927 858 959 ascendit
885 926 1000 958 iterum

517 973 701 1007 Coronatus,

467 1021 565 1054 Pater
587 1023 730 1052 sanctum
756 1022 902 1052 emittens
927 1021 1074 1061 spiritum

467 1068 642 1101 Roboravit
667 1069 765 1100 corda
784 1066 937 1109 fidelium,

467 1116 570 1148 Adest
595 1116 682 1147 color
706 1115 787 1156 ignis
812 1116 1077 1156 quemadmodum

514 1163 690 1196 ColoratuS.

433 1244 440 1251 .
468 1219 614 1251 Gloriosa
637 1219 727 1259 virgo
752 1219 970 1251 sanctissimae

465 1267 540 1298 Post
566 1274 726 1308 egressum
752 1268 856 1298 carnis
882 1268 1074 1306 purissimae

465 1314 620 1346 Elevatur
646 1314 749 1346 choris
774 1314 929 1346 altissime

510 1362 714 1401 Angelorum.

461 1408 536 1440 Istis
561 1411 682 1449 septem
707 1409 831 1449 gaudiis
857 1412 977 1450 optime

464 1456 674 1498 Gaudeamus,
700 1457 787 1488 Deus
810 1458 995 1498 plenissime

462 1503 529 1535 Nos
553 1504 687 1535 reducat
711 1505 751 1536 ad
778 1509 902 1544 portum
932 1506 1053 1546 gloriae

507 1551 550 1583 Et
575 1554 765 1584 sanctorum.

219 1615 289 1643 Clm.
309 1615 461 1644 Monacen.
482 1616 531 1648 (ol.
552 1616 776 1652 Emmeramen.)
798 1615 896 1646 14343
917 1621 987 1646 anni
1010 1618 1091 1648 1351.

530 1717 577 1750 62.
613 1719 656 1750 De
677 1721 794 1760 septem
812 1720 938 1753 Gandiis
959 1720 1047 1753 BMV.

142 1788 172 1821 1.
199 1786 369 1818 Militantis
396 1788 548 1820 ecclesiae

246 1834 348 1868 Jubar
371 1836 403 1866 in
433 1836 648 1876 triumphante

199 1881 369 1914 Primatum
395 1886 483 1914 tenet
507 1884 626 1925 gloriae

243 1929 335 1962 Adae
359 1931 448 1970 lapsu
474 1935 627 1973 cessante,

291 1978 396 2010 Maria
420 1978 555 2011 levante.

195 2023 281 2056 Fons
305 2025 418 2057 salutis
445 2029 475 2057 et
498 2028 628 2070 gratiae,

241 2072 288 2103 Te
312 2073 402 2104 nobis
428 2073 525 2105 vitam
553 2074 647 2107 dante

197 2118 349 2159 Captatur
373 2121 426 2152 via
449 2122 571 2161 veniae,

241 2167 361 2199 Massia
384 2177 441 2200 nos
461 2170 603 2213 juvante,

287 2214 333 2245 Te
354 2219 459 2248 tamen
485 2220 684 2257 procreante.

136 2272 166 2303 2.
195 2269 355 2311 Concepta
379 2273 546 2314 privilegio

241 2318 344 2358 Supra
365 2321 440 2360 jura
462 2325 595 2355 naturae

192 2365 241 2397 De
266 2366 367 2399 sterili
393 2370 538 2410 conjugio

238 2414 383 2447 Joachim
405 2416 496 2456 pulso
519 2418 599 2451 dure

880 1791 1024 1823 Ducatur
1049 1792 1231 1824 maledictio

926 1837 1080 1871 Defectus
1106 1841 1282 1884 geniturae,

879 1886 929 1918 De
953 1887 1021 1918 nati
1046 1887 1227 1920 benedictio

926 1934 1055 1967 Cunctis
1082 1938 1131 1966 est
1155 1939 1225 1968 orta
1246 1937 1329 1977 J'ure.

878 1981 984 2015 David
1010 1983 1112 2023 regali
1134 1984 1254 2024 gremio

927 2030 973 2062 Te
998 2029 1141 2063 fatentur
1166 2032 1355 2073 scripturae,

878 2076 988 2120 Stella,
1014 2079 1115 2120 virga,
1142 2080 1322 2124 promissio,

925 2126 972 2157 Te
996 2126 1163 2167 signarunt
1187 2126 1318 2168 figurae.

842 2207 848 2214 .
875 2182 1049 2223 virginalis
1075 2185 1240 2226 conceptio

922 2230 969 2262 Te
994 2232 1095 2264 solam
1121 2234 1328 2276 consecravit,

876 2276 953 2310 Cum
979 2278 1140 2312 Gabrielis
1165 2283 1275 2314 nuntio

924 2327 1025 2366 Paris,
1052 2328 1105 2367 qui
1131 2331 1164 2360 te
1190 2330 1321 2362 creavit.

873 2373 927 2405 Fit
952 2383 1010 2414 pro
1036 2378 1110 2407 nato
1136 2378 1293 2420 purgatio,

922 2422 981 2462 Qui
1005 2423 1086 2455 nihil
1113 2425 1296 2464 maculavit,
