1653 2668
746 132 1009 168 -263-·-

451 226 506 261 11.
534 227 648 260 Omine
670 228 755 261 malo
779 230 925 262 novimus
950 238 1044 270 quam
1069 229 1171 262 tristis

533 275 667 309 Genitus
692 276 764 309 orbi
788 279 917 310 nuntius
941 276 1043 318 fuisti,

533 324 617 357 Nam
640 324 876 359 Antichristum
901 326 1008 368 signas
1033 325 1229 367 adfuturum,

580 371 638 404 Cui
663 374 855 413 praecurris.

451 438 508 473 12.
531 439 603 472 Non
630 448 703 472 reus
729 449 863 482 usqua-m
887 440 1005 480 legitur
1026 439 1136 481 fuisse,

535 487 636 527 Quem
660 487 707 520 sic
733 488 948 521 damnandum
975 488 1177 521 clamitarent
1199 497 1264 520 una

533 535 642 576 Caupo
669 538 701 568 et,
727 536 834 577 cerdo,
859 536 1000 576 virgines
1026 538 1059 568 et
1083 539 1203 576 nuptae

579 582 690 616 Clerus
716 587 749 616 et
773 585 885 618 omniS.

448 650 503 683 13.
531 650 556 683 Ο
582 650 677 682 nimis
703 651 810 691 miser,
838 652 982 692 quamvis
1008 651 1114 683 adhuc
1139 651 1229 684 vivus

531 697 605 730 Jam
631 698 810 731 destinatus
833 699 992 732 mortibus
1016 700 1189 740 gehennae,

530 745 669 778 Fractor
693 749 851 788 votorum,
877 746 1035 788 perfidiae
1058 749 1163 788 pater,

577 793 875 836 Pseudopropheta.

447 861 501 895 14.
530 861 625 893 Nune
649 864 682 894 te
706 862 859 902 magistro
884 870 977 894 nemo
1004 863 1108 895 coelos
1134 863 1231 902 rapit,

529 909 597 941 Iter
621 910 680 942 sed
703 918 831 942 sursum
853 909 997 950 undique
1020 910 1166 952 rarescit,

528 958 660 997 Augent
682 966 862 998 pressuras,
886 958 1014 990 nomine
1039 959 1093 998 qui
1118 960 1172 990 tuo

579 1004 718 1038 Tartara
741 1007 867 1046 petunt.

446 1073 502 1106 15.
530 1072 564 1105 Si
590 1074 665 1104 vota
688 1072 791 1113 ponis,
819 1072 972 1113 languida
996 1080 1059 1104 non
1087 1075 1212 1113 sanant,

530 1119 596 1153 Sed
621 1122 737 1152 sonant
760 1119 890 1152 Christo
915 1119 1011 1152 sibila
1034 1119 1182 1161 Medeae,

528 1167 626 1200 Necis
652 1169 708 1200 aut
732 1168 818 1200 vitae
842 1167 951 1200 nullae
975 1166 1035 1200 tibi
1060 1170 1179 1209 partes,

577 1215 602 1248 Ο
630 1215 712 1248 bone
737 1216 878 1256 praesul.

448 1284 505 1318 16.
532 1283 584 1316 Ne
609 1283 676 1316 vita
700 1281 828 1315 functos
854 1283 1011 1315 suscitare
1035 1284 1125 1327 velis,

531 1332 632 1365 Paeto
656 1333 805 1364 naturam
830 1331 913 1363 bene
936 1332 1104 1374 seem-asti,

531 1380 633 1412 Tutus
658 1382 707 1412 est
731 1380 844 1422 OrcuS,
868 1387 910 1412 ne
929 1387 1027 1420 prece
1051 1380 1227 1419 Trajanum

579 1427 693 1461 Addes
717 1427 840 1461 electis.

447 1495 502 1530 17.
529 1496 560 1527 A
584 1495 677 1528 nobis
704 1495 817 1535 procul
842 1495 908 1527 sint
931 1496 987 1527 tua
1011 1495 1124 1527 nociva

527 1543 683 1587 Linguae,
713 1543 789 1575 dum
814 1546 894 1584 orat,
919 1552 1085 1575 murmura
1108 1543 1272 1575 mendacis

528 1591 574 1624 Et
598 1600 680 1631 quae
706 1591 866 1624 donantur
889 1591 1054 1632 periturae
1080 1599 1189 1624 eruces

577 1639 705 1672 Dextra
727 1648 854 1680 perosa.

448 1709 504 1741 18.
531 1708 569 1740 In
595 1707 684 1740 celsa
708 1707 787 1739 sede
809 1706 916 1739 nullus
938 1706 1042 1739 honor
1064 1705 1162 1748 patri,

529 1755 600 1788 Nec
626 1755 781 1796 Gabrieli,
805 1755 930 1794 primae
954 1754 1130 1796 geniturae,

532 1804 596 1837 Sed
622 1803 786 1844 Ragusino
811 1803 940 1843 spiritui
965 1805 1076 1835 saneto

578 1852 688 1885 Poena
711 1851 874 1892 perennia

295 1918 366 1946 C'od.
396 1918 562 1946 Londinen.
588 1915 637 1953 (ol.
657 1915 882 1951 Vratislavien.)
901 1916 976 1945 Add.
1006 1913 1041 1945 18
1050 1914 1116 1945 922.
1142 1926 1218 1945 saec.
1246 1915 1290 1945 15.
1319 1932 1357 1937 —
1376 1919 1438 1947 Das
1457 1919 1541 1954 Lied,

216 1967 271 2026 agis
303 1958 355 1985 der
351 1957 448 2025 ΧξΙείῒ,
467 1957 518 1985 des
546 1955 817 1985 abenfflandisehen
844 1955 994 1984 Schismas
1020 1956 1200 1993 stammana,
1225 1956 1334 1985 riohtet
1358 1958 1423 1985 sich
1448 1967 1544 1996 gegen

245 2005 332 2034 regor
414 2016 422 2023 .

709 2108 770 2141 231.
811 2107 922 2140 Cursus
943 2106 1059 2139 Mundi.

215 2193 248 2226 1.
273 2190 357 2232 Heu,
384 2199 479 2231 quam
503 2199 588 2222 vana
612 2190 748 2231 vanitas,
911 2190 943 2222 2.
969 2189 1183 2222 Lacrimando
1200 2191 1371 2232 nascimur,

274 2239 375 2279 Quam
400 2237 502 2271 fallax
525 2238 674 2279 inanitas,
970 2237 1165 2271 Laborando
1189 2239 1361 2280 pascimur,

323 2287 487 2329 Quidquid
512 2290 562 2319 est
584 2288 619 2319 in
644 2287 782 2328 mundo,
1020 2286 1230 2331 Respiramus
1255 2297 1349 2329 raro3

274 2337 310 2371 Si
334 2336 413 2378 quid
435 2336 533 2369 habet
556 2335 730 2377 placidum,
972 2335 1158 2368 Trituratur
1183 2336 1291 2379 variis,

273 2385 391 2419 Totum
416 2384 528 2419 reddit
550 2384 689 2426 aeidum,
971 2384 1059 2418 Proh
1086 2384 1188 2426 (10101,
1214 2386 1340 2426 injuriis

322 2433 487 2475 Quidquid
512 2436 562 2466 est
584 2434 618 2466 in
644 2432 755 2468 fundo.
1019 2433 1182 2467 Moru-,ura
1207 2443 1292 2470 car0.
