1653 2668
172 1729 225 1762 10.

170 2026 224 2060 11.

165 2328 220 2361 12.

223 254 229 261 .
257 228 348 260 Haec
370 227 445 260 dum
469 228 611 269 loquitur
631 229 739 262 Maria

256 276 412 309 Desolata
436 286 514 309 voce
538 276 602 318 pia,

304 323 379 357 Non
403 325 579 365 respondet
602 324 706 366 filius;

258 372 321 405 Cor
344 374 423 404 tunc
447 373 517 413 ejus
543 372 732 414 desolatum,

257 420 335 461 Igne
360 421 472 453 mortis
498 418 739 461 inflammatum,

306 469 522 501 Pertransivit
546 468 683 509 gladius,

225 562 232 569 .
262 535 386 568 Cecidit
415 535 597 577 angustiata

259 584 350 616 Tune
375 584 481 616 Maria
507 583 652 616 desolata

302 631 353 664 lbi
379 631 469 671 quasi
493 633 629 672 mortua,

257 680 288 711 A
313 679 460 714 Johanne
484 678 670 711 sublevatur

259 727 305 759 Et
328 727 493 767 paulisper
522 729 730 765 restauratur,

310 775 389 807 Post
414 775 528 807 clamat
554 774 596 807 ad
621 776 785 815 angelum:

223 865 231 873 .
260 841 402 882 Gabriel,
429 842 541 881 angele
567 839 655 881 felix,

257 889 307 921 Tu
331 897 393 921 non
419 897 452 920 es
477 887 555 920 mihi
579 887 684 921 fidelis

305 936 491 968 Nuntiando
517 936 687 977 gaudium3

257 984 340 1016 Dum
366 983 445 1015 mihi
471 983 600 1016 dicebas
626 986 706 1026 Ave,

254 1031 310 1063 Me
335 1031 477 1070 ponebas
503 1033 536 1064 in
561 1032 622 1064 hac
647 1040 736 1075 nave,

305 1080 392 1119 Quae
417 1080 511 1112 modo
537 1079 761 1121 submergitur.

223 1163 228 1168 .
253 1135 340 1167 Mihi
361 1135 461 1167 dabas
485 1136 598 1168 mortis
623 1135 716 1170 frena

255 1183 390 1215 Dicens:
419 1192 451 1215 es
477 1184 582 1225 gratia
606 1185 711 1227 plena,

302 1232 389 1272 Quae
411 1229 503 1264 frena
526 1241 611 1263 nunc
631 1234 744 1275 sentiO,

255 1279 310 1311 Me
337 1278 448 1311 dixisti
472 1279 674 1312 benedictam

254 1326 517 1368 Gaudiorumque
540 1328 706 1368 munitam,

302 1376 379 1408 Sum
406 1375 503 1414 plena
527 1376 697 1416 supplicio.

222 1459 228 1466 .
256 1431 328 1464 Non
355 1434 405 1463 est
428 1433 544 1465 mulier
569 1433 603 1465 in
621 1434 739 1466 mundo

254 1480 342 1519 Quae
368 1480 513 1512 dolorum
538 1480 571 1512 in
596 1480 758 1521 profundo

301 1528 352 1561 Sit
377 1528 525 1561 demersa
549 1529 637 1560 velut
665 1538 752 1572 sum,

255 1575 339 1608 Vere
363 1575 441 1607 mihi
467 1576 606 1616 primum
635 1586 695 1610 ave

251 1623 355 1656 Dulce
380 1622 442 1655 fuit
467 1626 499 1655 et
523 1632 631 1665 suave,

297 1672 392 1704 Nunc
415 1672 472 1704 dat
496 1672 572 1704 mihi
598 1674 758 1713 gemitum.

252 1729 315 1762 Fui
336 1729 404 1770 ¹iam
429 1730 534 1770 gratia
558 1730 666 1771 plena,

254 1777 336 1810 Erat
361 1777 440 1809 mihi
466 1777 568 1810 dulcis
596 1787 703 1819 coena,

299 1825 385 1858 Dum
410 1825 568 1858 habebam
597 1825 716 1868 filium3

253 1873 337 1906 Mihi
361 1882 447 1906 nunc
472 1877 519 1906 est
544 1878 716 1915 usurpatus

251 1921 296 1954 Et
319 1922 353 1954 in
379 1931 474 1954 cruce
499 1922 703 1955 conclavatus

299 1971 363 2003 Per
388 1972 580 2003 tormentum
610 1972 748 2004 anxium.

252 2027 349 2060 Nunc
373 2030 542 2060 vertuntur
562 2028 595 2060 in
620 2038 798 2062 moerorem

250 2076 295 2108 Et
319 2077 352 2108 in
377 2076 497 2108 luctum
524 2078 556 2109 et
581 2077 725 2110 dolorem

298 2124 455 2158 Nuntiata
482 2124 608 2166 gaudia,

250 2174 358 2206 Meum
386 2181 481 2205 cerno
508 2174 582 2206 dum
608 2183 758 2217 amorem,

248 2221 377 2261 Natum,
405 2230 568 2262 sponsum,
596 2225 772 2255 creatorem

295 2269 413 2303 Mortis
443 2268 530 2302 ferre
554 2270 699 2306 vulnera.

247 2327 298 2360 Ita
325 2327 427 2361 clamo
455 2327 609 2369 desolata,

246 2376 319 2409 Non
347 2378 396 2408 est
419 2376 507 2409 auris
531 2375 610 2408 mihi
637 2377 713 2411 data

292 2426 322 2458 A
348 2428 424 2458 nato
450 2425 502 2458 vel
527 2426 650 2466 angelo.

219 2485 347 2515 Dreves,
362 2485 408 2509 Pia
421 2486 568 2510 Dictamina.

866 392 921 426 13.

864 698 919 730 14.

863 993 917 1027 15.

861 1290 916 1323 16.

862 1587 916 1620 17,

860 1884 913 1918 18.

858 2183 913 2218 19.

948 229 1026 261 Alta
1050 235 1127 260 voce
1152 228 1227 258 tunc
1249 225 1358 259 Maria

946 276 1116 309 Exclamat
1140 274 1173 306 in
1195 273 1318 316 agonia.

996 324 1218 364 Conquaerens
1245 323 1285 355 de
1310 322 1447 362 populo:

949 392 973 424 O
1000 390 1147 424 crudeles
1171 399 1226 422 vos
1249 389 1376 428 Judaei,

948 439 973 472 Ο
1000 439 1123 472 feroces
1148 437 1320 478 pharisaei,

996 487 1097 520 Canes
1123 484 1344 525 crudelissimi,

950 535 1011 567 Vos
1033 535 1136 567 Deum
1159 532 1373 576 crucifixistis,

948 582 1067 623 Regem
1092 584 1232 614 vestrum
1257 580 1470 620 suspendistis

995 630 1032 662 In
1059 630 1145 671 ligno
1170 628 1318 669 patibuli.

946 697 1022 737 Ipse
1046 705 1102 730 vos
1129 698 1161 728 et
1184 704 1235 727 me
1260 695 1441 737 plasmavit,

945 745 989 777 Et
1013 745 1047 777 in
1074 744 1192 777 mundo
1219 744 1398 787 collocavit,

994 792 1054 825 Fel
1079 801 1138 833 pro
1163 792 1261 824 melle
1285 792 1433 832 redditis,

946 840 971 873 Ο
998 849 1092 873 canes
1115 840 1210 872 valde
1233 839 1389 880 crudeles,

944 888 969 920 O
995 889 1103 921 leones
1127 886 1285 928 infideles,

993 936 1046 969 Sic
1071 938 1181 969 natum
1204 935 1362 968 occiditis.

944 994 1085 1026 Matrem
1110 993 1177 1032 ejus
1204 992 1339 1033 capiatis

940 1040 985 1073 Et
1008 1041 1041 1072 in
1066 1041 1152 1081 ligno
1177 1039 1392 1080 suspendatis,

993 1089 1103 1128 Ipsum
1127 1088 1160 1119 in
1186 1097 1247 1128 quo
1271 1088 1400 1128 ponitis,

945 1136 997 1168 Ne
1020 1139 1096 1176 post
1118 1138 1254 1167 mortem
1277 1136 1346 1167 nati
1371 1136 1471 1175 vivat,

945 1184 1031 1224 Quae
1056 1185 1104 1216 sic
1128 1186 1261 1216 matrem
1284 1182 1355 1215 luce
1373 1185 1490 1223 privat,

991 1232 1038 1266 Ut
1061 1231 1128 1264 filio
1155 1234 1272 1264 careat.

941 1289 1005 1321 Hic
1030 1292 1078 1321 est
1102 1287 1187 1320 filius
1214 1289 1359 1329 dilectus,

944 1337 1004 1376 Qui
1028 1336 1107 1369 mihi
1132 1335 1194 1368 fuit
1216 1337 1335 1369 electus

989 1385 1065 1417 Sine
1091 1384 1196 1417 carnis
1221 1384 1374 1424 praemio,

942 1432 1181 1473 Suspendantes
1207 1432 1318 1465 mundi
1343 1442 1461 1475 regem,

942 1480 1150 1513 Tribuentem
1177 1480 1269 1512 nobis
1294 1480 1408 1524 legem,

990 1528 1131 1561 Matrem
1157 1528 1224 1567 ejus
1251 1527 1365 1569 capite.

944 1586 1043 1625 Quam
1069 1586 1116 1618 sic
1140 1588 1214 1618 nato
1240 1586 1407 1627 viduastis,

944 1633 1037 1666 Omni
1061 1633 1178 1675 gaudio
1207 1634 1372 1674 privastis,

992 1681 1038 1713 Et
1061 1682 1164 1722 ipsam
1190 1681 1337 1715 occidite.

941 1729 995 1762 Sic
1019 1730 1177 1762 lamentor
1204 1730 1357 1769 desolata,

943 1777 1015 1809 Non
1041 1778 1171 1811 auditur
1200 1787 1260 1810 vox
1287 1778 1423 1810 clamata

990 1826 1027 1858 In
1051 1825 1173 1858 crudeli
1195 1827 1323 1867 populo.

942 1883 966 1916 O
993 1892 1071 1916 crux
1096 1883 1172 1924 alta,
1200 1884 1240 1916 de
1262 1887 1295 1916 te
1320 1893 1469 1927 quaeror,

940 1931 1024 1963 Mihi
1049 1931 1161 1973 nequis
1183 1941 1253 1964 esse
1275 1932 1378 1974 pejor,

991 1980 1015 2013 O
1044 1989 1121 2012 crux
1144 1980 1377 2023 crudelissima,

940 2028 1049 2060 Meum
1074 2030 1181 2061 natum
1209 2031 1244 2060 tu
1267 2028 1391 2071 cepisti,

941 2076 979 2108 In
1002 2078 1034 2108 te
1059 2077 1164 2117 ipsum
1193 2077 1401 2120 suspendisti,

991 2125 1015 2158 Ο
1043 2134 1122 2157 crux
1148 2124 1358 2159 ferocissima.

940 2182 1090 2222 Quamvis
1126 2183 1245 2216 mundo
1270 2186 1305 2217 tu
1329 2184 1372 2217 sis
1399 2185 1487 2229 felix,

940 2230 1023 2263 Mihi
1048 2234 1155 2264 tamen
1183 2240 1216 2264 es
1242 2232 1382 2266 crudelis

988 2279 1171 2313 Cruciaudo
1188 2279 1300 2322 filium,

941 2328 1149 2369 Unigenitum
1174 2329 1301 2362 Mariae

940 2376 1123 2417 Desolatae,
1147 2386 1227 2418 quae
1251 2379 1298 2411 sic
1322 2379 1376 2419 pie

986 2426 1040 2458 Ad
1066 2429 1100 2458 te
1123 2424 1202 2459 flere
1228 2428 1362 2470 cogitat:

1301 2484 1318 2514 6
