1655 2669
695 145 860 180 —221
921 165 959 169 —

586 245 650 278 201.
691 246 735 278 De
756 248 868 280 saneta
886 249 1079 289 margareta.

195 313 225 347 1.
252 314 332 355 Ave,
361 315 443 346 coeli
467 316 619 349 redimita

300 362 487 403 Margareta
511 364 631 405 laurea,

254 410 400 443 Pretiosa
424 413 601 453 margarita

305 458 472 491 Coelibatu
498 461 603 502 nivea,

252 506 468 539 Tunsionibus
492 509 604 549 polita,

300 555 385 596 Vita,
411 556 511 598 signis
537 557 720 599 splendida,

252 603 289 635 In
317 612 435 636 corona
459 605 538 639 Jesu
563 605 635 647 sita,

300 651 367 684 Nos
392 652 426 684 in
453 652 580 686 Christo
606 654 719 688 solida.

888 322 919 353 2.

947 320 972 354 Ο
999 321 1115 354 victrix
1141 321 1266 361 eximia,

996 370 1094 410 Virgo
1121 369 1317 411 Margareta,

946 417 1017 450 Tua
1043 417 1204 450 desideria

996 466 1093 499 Bonis
1119 469 1192 497 sunt
1215 466 1359 506 impleta,

948 513 1077 554 Duplex
1101 516 1222 545 sertum
1247 515 1368 555 gloriae

995 561 1077 594 Fers
1101 561 1187 594 inter
1210 562 1331 604 beatos,

948 608 1049 642 Grata
1073 608 1154 642 fonti
1179 610 1311 651 gratiae,

995 657 1063 690 Fac
1090 666 1148 690 nos
1172 658 1237 698 ipsi
1261 661 1379 699 gratos.

573 713 604 746 3.
633 712 658 745 O
685 721 760 745 rosa
784 721 844 753 per
869 715 998 747 saecula

681 761 828 794 Vernaus
853 762 1058 809 sempiterna,

631 808 706 841 Tibi
732 809 801 841 sine
826 810 943 842 nebula

680 856 782 889 Lucet
804 857 861 889 lux
886 867 1034 900 superna,

631 904 759 937 Summo
784 905 868 937 bono
894 904 1021 949 frueris,

681 953 807 985 Victrix
833 957 994 999 coronata,

633 1001 830 1044 Margareta‚
857 1003 982 1042 superis

679 1049 783 1090 Junge
806 1059 864 1081 nos
890 1050 993 1084 beat-a.

247 1114 327 1142 Orat.
350 1124 403 1142 ms.
426 1115 590 1152 Campense
610 1117 681 1143 anui
703 1113 786 1143 1462.
809 1114 878 1143 Ood.
902 1116 1120 1147 Darmstadizu.
1141 1117 1205 1146 221.

592 1219 659 1251 202.
696 1218 740 1250 De
760 1218 874 1250 sancta
892 1219 1083 1260 Margareta.

195 1317 201 1322 .
230 1290 336 1330 Salve,
364 1288 443 1322 felix
468 1290 664 1334 margareta,

231 1339 316 1378 Quae
341 1338 461 1370 virtute
485 1338 548 1371 Dei
571 1337 656 1371 freta

228 1387 266 1419 In
293 1395 394 1427 agone
419 1387 498 1420 Jesu
525 1386 644 1420 Christi

230 1434 303 1467 Non
330 1443 363 1466 es
390 1435 477 1467 victa
500 1435 559 1467 sed
584 1435 702 1470 vicisti.

171 1497 177 1508 ‘
196 1520 201 1528 .
233 1492 329 1526 Salve
353 1492 444 1534 virgo
468 1492 667 1534 Margareta‚

230 1540 319 1580 Quae
345 1541 489 1581 corporis
512 1544 616 1573 morte
642 1544 751 1582 spreta

230 1589 408 1622 Veritatem
435 1598 468 1621 es
496 1588 643 1622 confessa

228 1637 341 1670 Mente
366 1646 494 1678 semper
518 1637 692 1672 indefessa.

198 1722 206 1731 ,
234 1695 339 1737 Salve,
366 1694 461 1728 fortis
486 1696 683 1739 Margareta‚

231 1744 318 1784 Quae
344 1745 504 1776 constanti
529 1747 636 1776 mente
660 1745 747 1777 laeta

233 1792 374 1825 Mortem
399 1793 511 1825 reddis
538 1793 702 1836 salvatori,

232 1841 291 1881 Qui
317 1841 420 1874 voluit
444 1850 503 1882 pro
529 1844 562 1873 te
586 1842 677 1874 mori.

197 1926 204 1933 .
233 1899 338 1938 Salve,
366 1899 457 1940 virgo
483 1908 560 1931 vere
583 1900 714 1941 munda,

234 1947 332 1988 Cujus
357 1947 486 1988 sanguis
513 1948 602 1980 velut
625 1948 713 1981 unda

231 1996 309 2030 Puri
334 1994 433 2028 fontis
456 1997 624 2040 emanavit,

234 2045 313 2078 Cum
338 2046 371 2076 te
396 2046 500 2076 tortor
527 2043 711 2086 flagellavit.

198 2131 205 2137 .
234 2103 340 2144 Salve,
368 2103 468 2145 virgo,
499 2112 580 2143 quae
605 2106 787 2144 serpentem

233 2153 272 2186 In
299 2159 429 2184 carcere
454 2153 486 2182 te
512 2151 694 2184 sorbentem

231 2200 324 2233 Nihil
347 2200 436 2232 laesa
463 2199 623 2240 dirupisti,

233 2249 302 2282 Nec
326 2250 362 2280 tu
379 2249 487 2280 tamen
505 2249 562 2281 sed
581 2258 659 2281 crux
677 2250 806 2284 Christi.

197 2334 204 2341 .
231 2307 337 2348 Salve,
364 2306 466 2348 virgo,
491 2315 551 2347 per
580 2316 674 2348 quam
691 2311 811 2342 stratus

232 2356 278 2389 Et
302 2355 361 2387 sub
387 2355 472 2395 pede
498 2356 702 2390 conculcatus

232 2405 312 2438 Fuit
338 2404 473 2438 daemon
500 2406 532 2436 et
558 2407 696 2448 coactus,

232 2453 280 2487 Ut
303 2451 443 2485 referret
466 2461 540 2486 suos
569 2456 669 2489 actus.

892 1293 921 1324 7.

876 1900 930 1934 10.

872 2104 927 2139 11.

872 2309 930 2343 12.

950 1292 1056 1335 Salve,
1084 1292 1180 1332 virgoff
1208 1292 1262 1323 lus.
1288 1291 1431 1331 insignis,

952 1340 1048 1381 Cujus
1076 1349 1191 1380 eorpus
1217 1338 1303 1371 faces
1327 1339 1410 1380 ignis

947 1388 992 1420 Et
1013 1388 1180 1429 lampades
1207 1387 1393 1427 exurebant,

950 1435 1014 1469 Sed
1039 1439 1071 1469 te
1095 1440 1202 1468 tamen
1226 1444 1290 1467 non
1316 1435 1495 1467 vincebant.

915 1519 921 1525 .
947 1494 1052 1527 Salve.
1078 1494 1177 1537 virgo,
1204 1502 1297 1534 quam
1314 1492 1497 1533 praefectus

949 1541 1029 1583 Legi
1056 1542 1175 1575 Christi
1200 1550 1264 1573 non
1289 1541 1452 1581 subjectus

949 1591 1071 1622 Vinclis
1094 1589 1191 1631 jussit
1215 1589 1341 1630 alligari

951 1639 996 1671 Et
1019 1639 1052 1671 in
1078 1647 1160 1679 aqua
1184 1636 1341 1670 suffocari.

919 1723 925 1729 .
953 1697 1060 1737 Salve,
1088 1696 1187 1736 virgo,
1214 1705 1307 1736 quam
1332 1696 1469 1728 solutam

954 1745 999 1778 Et
1023 1745 1063 1777 ab
1089 1744 1178 1784 aquis
1204 1742 1283 1775 fecit
1305 1746 1408 1776 tutam

955 1793 1111 1834 Christus,
1131 1792 1185 1833 qui
1201 1794 1234 1824 te
1249 1801 1308 1832 per
1324 1792 1502 1825 columbam

955 1841 1154 1875 Hortabatur
1173 1841 1215 1873 ad
1242 1848 1400 1873 coronam.

959 1900 1065 1940 Salve,
1091 1898 1191 1942 virgo,
1219 1907 1312 1939 quam
1338 1899 1489 1931 viderunt

953 1948 998 1981 Et
1025 1948 1171 1981 videntes
1202 1947 1410 1979 crediderunt

957 1997 1106 2029 Virorum
1132 1995 1271 2036 quinque
1295 1995 1394 2036 milia,

954 2045 1104 2086 Perpessi
1130 2046 1205 2075 sunt
1227 2044 1394 2086 martyria.

954 2104 1060 2143 Salve,
1085 2102 1186 2143 virgo,
1214 2111 1306 2142 quam
1333 2102 1489 2144 insignem

954 2153 997 2185 Et
1021 2160 1081 2192 per
1104 2160 1217 2191 aquam
1244 2154 1274 2182 et
1301 2159 1358 2191 per
1383 2152 1488 2192 ignem

954 2201 1186 2233 Transeuntem
1213 2198 1357 2232 Christus
1387 2201 1471 2233 rexit

953 2249 997 2282 Et
1020 2249 1061 2282 ad
1086 2248 1213 2280 thorum
1238 2257 1329 2282 suum
1354 2249 1451 2282 vexit.

957 2307 1062 2348 Salve,
1089 2306 1190 2347 virgo,
1218 2315 1312 2347 quam
1338 2310 1481 2340 orantem

952 2356 999 2389 Et
1023 2365 1082 2396 pro
1107 2355 1216 2388 mult-is
1243 2355 1466 2396 deprecantem

951 2403 1129 2437 Exaudivit
1154 2404 1240 2437 auris
1267 2404 1395 2447 Christi,

954 2453 1030 2486 Plus
1047 2453 1249 2496 promittens,
1272 2463 1365 2495 quam
1381 2455 1504 2496 petisti.
