1653 2668
176 231 230 264 53.

175 531 229 564 54.

173 829 229 862 55.

171 1128 224 1159 56.

169 2018 222 2050 59.

169 2315 223 2346 60.

713 132 851 167 —72
905 152 945 157 -„

258 230 362 272 Salve,
388 239 506 270 sponsa
528 230 676 270 gloriosa,

256 278 351 310 Foris
377 281 409 311 et
428 278 514 309 intus
538 277 688 317 formosa,

305 326 400 366 Cujus
426 325 526 357 omnis
550 325 652 366 gloria

255 374 307 407 Ab
332 374 476 406 internae
499 373 659 413 puritatis,

260 421 372 454 Cordis
398 423 430 452 et
452 420 639 452 humilitatis

302 468 502 502 Procedebat
525 468 637 508 gratia.

257 529 352 563 Salve
374 529 473 569 virgo,
501 538 595 569 quam
620 532 794 569 sequuntur

255 577 298 609 Et
319 578 361 609 ad
386 585 492 617 regem
517 577 718 609 adducuntur

304 624 505 657 Continentes
530 625 662 665 animae,

253 672 338 704 Dum
362 672 415 704 hic
439 681 498 711 per
524 672 732 712 devotionem,

253 720 326 751 Illic
349 729 408 760 per
434 720 686 759 conjunctionem

301 767 398 799 Fiunt
422 767 482 798 tibi
506 768 679 807 proximae.

253 828 357 869 Salve,
386 828 496 861 civitas
517 829 668 873 jucunda,

253 876 291 908 In
317 885 409 917 quam
434 876 518 908 sacri
541 874 635 908 flatus
658 876 746 908 unda

300 923 466 957 Oonfluens
492 924 533 955 ad
560 925 717 956 cumulum

251 971 355 1012 Digne
379 975 412 1003 te
435 970 622 1004 laetificavit

252 1018 294 1050 Et
321 1019 449 1059 dignum
474 1018 686 1051 sanctificavit

297 1067 423 1099 Christo
449 1066 674 1100 habitaculum.

252 1127 356 1170 Salve,
382 1128 534 1167 templum
557 1131 699 1160 sanctum
717 1128 789 1171 Dei,

251 1175 288 1206 In
313 1185 374 1215 quo
400 1180 634 1216 consequuntur
659 1176 706 1208 rei

298 1223 501 1255 Peccatorum
528 1224 663 1267 veniam,

252 1270 317 1309 Quo
342 1272 477 1303 salutem
501 1273 718 1313 susceperunt,

252 1317 350 1356 Quam
373 1318 550 1358 prophetae
566 1320 789 1359 promiserunt,

299 1365 344 1397 Et
365 1366 628 1400 misericordiam.

219 1451 225 1458 .
254 1428 358 1468 Salve,
384 1431 472 1459 terra
494 1428 622 1460 visitata

249 1474 442 1516 Affatimque
468 1475 613 1508 debriata

298 1522 388 1555 Sacri
411 1521 505 1555 flatus
530 1525 642 1564 gratia,

252 1570 349 1609 Quam
373 1572 408 1603 in
432 1574 465 1602 te
486 1570 712 1611 multiplicavit

252 1618 381 1659 Quaque
404 1620 437 1649 te
463 1617 647 1652 laetificavit

298 1666 375 1698 Nati
402 1666 575 1706 diligentia.

216 1747 224 1754 .
251 1722 355 1763 Salve,
380 1727 469 1754 terra
495 1723 674 1767 benedicta,

250 1770 313 1802 Per
337 1779 429 1811 quam
456 1771 510 1802 diu
534 1772 688 1805 derelicta

298 1819 411 1858 Populi
436 1819 603 1858 captivitas

252 1865 449 1906 Captivatur,
475 1867 633 1908 visitatur,

250 1914 354 1954 Atque
384 1914 488 1954 plebis
514 1916 676 1948 relaxatur

296 1961 517 2002 Perstringens
542 1964 703 2004 iniquit-as,

250 2018 355 2059 Salve,
379 2023 476 2059 terra,
504 2029 597 2060 quam
626 2021 745 2063 rigavit

248 2066 292 2097 Et
315 2067 389 2099 hinc
412 2068 454 2099 ad
478 2077 536 2100 nos
563 2069 721 2102 derivavit

298 2114 339 2146 Se
362 2114 584 2148 misericordia

250 2161 327 2193 Orta
353 2163 392 2194 de
418 2165 451 2194 te
474 2164 620 2206 veritate,

250 2208 366 2250 Sieque
388 2213 462 2242 sunt
487 2213 685 2245 coosculatae

297 2258 365 2290 Pax
389 2260 483 2298 atque
503 2260 639 2296 justitia.

251 2314 354 2355 Salve,
380 2320 477 2356 terra,
504 2326 585 2357 quae
608 2317 727 2350 dedisti

249 2361 401 2395 Fructum
413 2363 507 2403 vitae,
528 2374 643 2406 corpus
657 2365 793 2406 Christi„

298 2409 393 2450 CuJus
417 2413 449 2442 te
473 2412 651 2453 benignitas

854 387 908 421 61.

851 688 906 720 62.

850 988 904 1020 63.

850 1287 904 1319 64.

849 1879 903 1911 66.

849 2174 902 2206 67.

936 228 1022 261 Data
1044 228 1134 267 prius
1158 228 1375 271 praeparavit,

932 275 980 309 Et
1002 276 1051 307 sic
1071 275 1106 307 in
1129 278 1164 308 te
1188 276 1363 308 declinavit

983 324 1187 357 Incarnanda.
1213 323 1326 357 deitas.

936 385 1040 426 Salve,
1069 386 1181 418 civitas
1207 384 1339 429 famosa,

935 433 987 466 De
1011 443 1072 474 qua
1098 434 1193 475 digne
1217 434 1357 474 gloriosa

981 481 1078 513 Dicta
1102 485 1176 514 sunt
1200 482 1390 524 praeconia3

935 528 999 561 Sed
1025 537 1231 570 quaecunque
1246 529 1479 569 praedicantur

934 576 985 609 De
1009 580 1051 616 te,
1078 577 1141 608 tuis
1166 579 1359 618 superantur

979 624 1108 656 Meritis
1134 628 1167 656 et
1190 624 1302 666 gloria.

934 685 1038 726 Salve,
1067 686 1177 718 domus
1200 685 1380 718 fabrefacta

931 734 1038 774 Atque
1064 734 1214 766 decenter
1240 737 1406 775 compacta.

981 781 1082 813 Manu
1105 781 1290 821 sapientiae,

933 828 1003 861 Sibi
1028 839 1121 869 quam
1145 828 1330 862 aedificavit

933 876 977 909 Et
1002 877 1155 909 columnis
1180 876 1346 910 roboravit

982 924 1184 965 septiformis
1209 925 1341 967 gratiae.

932 985 1036 1026 Salve,
1064 986 1158 1019 fortis
1181 990 1213 1019 et
1236 987 1343 1019 fidelis

930 1033 1059 1076 Mulier,
1087 1035 1175 1074 cujus
1202 1034 1242 1067 de
1268 1035 1365 1067 caelis

978 1082 1158 1114 Pretiosum
1182 1083 1321 1123 pretium

933 1129 1024 1163 Sacri
1048 1128 1142 1162 flatus
1163 1131 1302 1170 primum
1328 1133 1435 1171 empta

930 1176 1030 1209 Donis
1056 1187 1094 1209 ac
1120 1178 1244 1210 demum
1269 1178 1437 1219 redempta

979 1225 1150 1265 Proprium
1174 1235 1233 1266 per
1257 1224 1370 1259 filium.

931 1286 1035 1330 Salve,
1061 1287 1197 1326 pulchra
1221 1290 1254 1318 et
1275 1288 1396 1328 pudica

931 1334 1047 1374 Sponsi
1071 1337 1174 1366 mater
1202 1337 1234 1366 et
1257 1336 1361 1368 amica

976 1381 1070 1422 Fide,
1097 1381 1211 1425 forma,
1237 1381 1330 1424 facie,

931 1428 1038 1469 Digna
1060 1433 1166 1470 partu,
1195 1430 1292 1471 digna
1315 1432 1419 1474 thoro,

931 1477 1036 1517 Digna
1060 1486 1176 1517 sponso
1201 1481 1266 1510 tam
1300 1479 1424 1523 decoro,

978 1524 1038 1564 Qui
1062 1525 1112 1557 sol
1138 1528 1188 1557 est
1208 1526 1363 1564 justitiae.

897 1609 904 1616 .
931 1581 1037 1622 Salve,
1063 1586 1184 1623 sancta,
1201 1581 1260 1614 flos
1276 1587 1469 1625 sanct-arum,

931 1629 1063 1669 Sponsa,
1090 1631 1201 1670 regina
1226 1639 1424 1672 sponsarum,

978 1678 1068 1709 Inter
1093 1686 1201 1709 omnes
1224 1678 1330 1721 unica,

932 1724 1027 1758 Unde
1053 1725 1148 1765 digne
1173 1724 1367 1758 famulantur

931 1772 1019 1804 Tuae
1042 1772 1140 1815 laudi,
1167 1782 1260 1813 quam
1284 1773 1419 1806 effantur

979 1820 1181 1852 Canticorum
1207 1822 1339 1854 cantica.

930 1876 1035 1916 Salve,
1061 1886 1178 1917 sponsa
1201 1887 1318 1919 sponso
1343 1883 1445 1920 grata,

931 1925 995 1958 Ore
1020 1925 1110 1964 eujus
1135 1928 1279 1959 osculata

978 1972 1094 2004 Primis
1118 1975 1237 2013 gaudes
1263 1976 1391 2018 osculis,

931 2020 993 2053 Per
1002 2029 1094 2060 quem
1103 2021 1172 2064 tibi,
1187 2030 1246 2062 per
1255 2031 1347 2062 quem
1355 2025 1475 2056 cunctis

926 2068 1106 2101 Parietibus
1132 2071 1309 2110 conjunctis

977 2115 1045 2148 Pax
1071 2120 1118 2148 est
1145 2118 1221 2150 data
1248 2120 1387 2158 populis.

928 2173 1032 2212 Salve,
1060 2174 1157 2216 digna
1178 2176 1288 2208 nutrix
1314 2176 1443 2218 Christi,

930 2220 1086 2253 Dulcibus
1111 2232 1204 2263 quem
1227 2224 1390 2256 nutrivisti

976 2268 1021 2300 Et
1044 2270 1141 2303 lautis
1165 2271 1328 2311 uberibus,

929 2317 1015 2357 Quae
1038 2319 1147 2358 palato
1171 2321 1245 2360 piae
1268 2320 1383 2353 mentis

930 2364 1058 2398 Cunctis
1082 2367 1155 2407 plus
1182 2367 1422 2401 delectamentis

976 2412 1111 2454 Sapiunt
1136 2415 1328 2449 carnalibus
