1655 2669
185 329 240 361 35.

183 569 239 601 40.

182 808 237 841 45.

182 1049 237 1082 50.

175 1534 231 1567 60.

171 1776 227 1809 65.

171 2017 226 2050 70.

165 2260 221 2293 75.

715 138 976 175 —217—

264 232 349 265 Hinc
375 232 537 266 tenebrosi
561 236 699 268 carceris

264 281 303 314 In
328 280 490 322 profundo
519 282 712 325 detruderiS,

266 328 376 372 Fame,
403 330 457 362 siti
484 332 516 361 et
540 329 661 373 frigore

263 376 462 411 Macer-anda
487 380 645 415 continue.

265 426 312 457 At
336 428 369 457 te
394 426 541 459 columba
566 428 705 461 candida

267 472 447 507 Refovebat
472 475 605 519 interea,

263 520 348 554 Dum
375 523 474 563 dapes
501 523 609 556 defert
634 524 779 556 coelicas.

268 570 347 603 Cum
372 572 405 602 te
430 570 542 611 regina
566 572 687 612 visitat,

265 616 409 651 Christus
436 627 505 651 eam
529 619 700 660 illuminat,

267 665 353 705 Quae
379 675 449 698 cum
476 667 557 699 duce
581 668 765 708 Porphyrio

266 714 446 747 Coronatur
472 717 639 757 martyriO.

266 761 372 795 Duces
397 772 522 804 quoque
545 772 619 797 mox
645 764 764 795 milites

264 809 404 843 Ducenti
428 810 509 843 fiunt
534 815 704 853 martyres,

266 858 406 898 Quorum
430 858 508 891 felix
534 861 670 893 victoria

265 906 335 940 Tua
359 908 430 940 laus
456 910 506 939 est
530 912 561 941 et
586 908 698 949 gloria.

266 954 345 987 Post
368 956 449 988 haec
472 956 560 989 visus
586 959 636 988 est
659 956 816 988 Dominus

267 1003 346 1037 Cum
372 1004 533 1036 coelorum
557 1004 747 1046 agminibus,

265 1050 374 1084 Turba
398 1052 536 1092 stipatus
562 1053 730 1094 virginum,

263 1098 334 1132 Hoc
357 1100 417 1132 tibi
445 1100 525 1132 dans
550 1101 716 1133 solatium:

262 1148 411 1188 Agnosce
435 1151 535 1189 tuum,
559 1148 638 1189 filia,

261 1197 425 1237 Actorem,
452 1205 511 1237 pro
537 1205 599 1238 quo
624 1197 735 1238 gravia

261 1242 439 1285 Suscepisti
466 1245 650 1289 certamina,

226 1316 234 1324 .
263 1291 421 1325 Constans
446 1295 513 1325 esto
538 1302 598 1334 per
623 1293 739 1332 omnia,

257 1339 378 1372 Tecum
403 1350 473 1372 sum
496 1341 530 1372 in
555 1342 686 1382 auxiliO‚

260 1387 431 1430 Nunquam
457 1398 514 1429 ego
539 1393 572 1422 te
598 1390 721 1422 desero.

260 1436 360 1477 Quam
386 1446 502 1478 magna
525 1438 698 1470 consolatio

257 1484 336 1519 Fuit
360 1486 441 1518 haec
465 1486 575 1526 sponsi
601 1485 693 1518 visio.

258 1533 322 1566 Vix
348 1534 432 1566 enim
457 1532 538 1565 fiunt
561 1534 729 1566 machinae

256 1581 412 1615 Rotarum
437 1581 652 1623 acutissimae,

257 1630 341 1671 Quas
367 1631 462 1663 nimis
487 1630 622 1663 horrens
647 1630 754 1671 tacite,

254 1678 299 1712 Et
323 1688 397 1712 mox
420 1679 588 1712 solvuntur
611 1678 751 1712 turbine.

251 1726 317 1760 Sed
344 1728 385 1760 de
409 1727 507 1768 plebe
529 1726 707 1767 incredula,

256 1773 348 1817 Quae
372 1776 479 1809 stabat
503 1775 546 1807 ad
571 1775 769 1816 spectacula,

254 1824 396 1865 Quatuor
420 1823 568 1865 perdidit
590 1824 681 1856 milia

252 1872 368 1905 Manus
394 1872 513 1906 vindex
538 1872 691 1913 angelica.

252 1919 328 1953 Post
354 1921 416 1953 hoc
439 1920 561 1953 factum
584 1920 773 1953 miraculum

250 1968 361 2001 Turba
385 1970 504 2010 gaudet
527 1967 683 2009 fidelium,

255 2015 343 2050 Grex
368 2020 509 2050 terretur
532 2017 730 2056 increduluS,

252 2065 363 2098 Mente
389 2066 477 2099 dolet
500 2065 694 2108 Maxentius,

252 2114 331 2147 Cum
357 2123 393 2147 se
413 2115 500 2148 vinci
525 2123 544 2146 a
569 2113 689 2147 femina

254 2162 341 2196 Vidit
364 2163 496 2195 immitis
523 2162 641 2205 bellua,

248 2210 389 2257 Capitali
413 2212 573 2246 sententia

248 2259 296 2293 Te
319 2261 420 2301 plecti
441 2259 544 2303 jubet,
574 2261 711 2294 domina.

247 2308 291 2342 Et
311 2310 380 2351 jam
404 2312 480 2343 ante
503 2310 693 2350 martyrium

247 2359 365 2393 Preces
391 2358 501 2392 fundis
527 2359 569 2392 ad
593 2358 765 2392 Dominum

245 2407 309 2442 Pro
336 2408 470 2449 cunctis>
497 2409 551 2448 qui
576 2408 761 2440 memoriam

244 2458 304 2491 Tui
329 2460 428 2500 agunt
453 2455 650 2490 mellifluam.

901 238 956 271 80.
982 236 1163 270 Exauditur
1188 237 1289 270 oratio

902 478 957 511 85.

901 717 957 751 90.

899 958 955 991 95.

873 1196 952 1230 100.

871 1437 948 1471 105.

867 1678 945 1712 110.

864 1919 941 1953 115.

862 2162 939 2195 120.

860 2407 939 2441 125.

983 286 1021 319 In
1048 286 1208 319 coelorum
1231 284 1365 326 palatio,

987 334 1054 366 Vox
1076 334 1137 367 tibi
1161 334 1294 367 mandat
1318 334 1473 376 angelica,

983 381 1074 414 Haec
1096 382 1285 423 impetrasse
1310 390 1369 422 per
1390 382 1504 414 omnia.

983 429 1069 462 Hinc
1092 434 1199 471 grates
1225 439 1321 471 agens
1344 428 1493 472 Domino,

986 477 1149 511 Cervicem
1173 478 1314 510 subdens
1339 477 1458 520 gladio,

984 527 1022 559 In
1047 525 1125 559 Jesu
1150 526 1270 560 Christi
1293 525 1420 558 nomine

980 573 1048 606 Lac
1072 572 1187 607 fudisti
1210 583 1269 615 pro
1295 575 1458 614 sanguine.

982 621 1105 662 Corpus
1131 625 1290 654 sumentes
1316 622 1420 662 angeli

984 669 1131 702 Condunt
1155 671 1187 702 in
1212 672 1320 702 monte
1345 669 1444 711 Sinai,

980 717 1033 750 Ex
1058 726 1119 758 quo
1147 718 1290 751 destillat
1314 718 1418 750 oleum

980 764 1121 799 Infirmis
1145 766 1400 809 saluberrimum⁷

981 813 1047 847 Ubi
1071 814 1158 846 Deus
1183 815 1350 846 innumera

981 863 1045 895 Per
1068 865 1101 894 te
1125 861 1204 895 facit
1227 862 1392 903 miracula,

982 909 1046 942 Sed
1073 912 1105 943 et
1127 919 1187 951 per
1212 910 1299 943 orbis
1325 910 1453 943 climata

981 958 1051 990 Tua
1073 958 1247 991 laudantur
1270 958 1395 991 merita.

981 1006 1005 1038 O
1034 1006 1107 1038 viva
1133 1006 1251 1039 Christi
1274 1006 1389 1046 hostia,

980 1053 1160 1086 Katharina
1184 1054 1394 1095 sanctissima,

979 1101 1049 1133 Tua
1073 1102 1151 1134 mihi
1176 1102 1218 1134 sit
1240 1101 1347 1142 passio

979 1150 1189 1182 Peccatorum
1212 1149 1368 1192 remissio,

979 1198 1070 1239 Jugis
1098 1198 1353 1230 commemoratio

980 1245 1029 1278 Sit
1052 1246 1168 1278 mentis
1193 1245 1366 1286 reparatio,

979 1294 1004 1327 Ο
1029 1293 1119 1334 virgo
1144 1294 1213 1327 sole
1232 1293 1398 1334 pulchrior

976 1342 1021 1374 Et
1044 1343 1128 1374 omni
1153 1342 1250 1374 melle
1276 1342 1409 1386 dulcior,

974 1389 1052 1432 Fac,
1078 1393 1115 1422 ut
1138 1393 1194 1423 tua
1215 1390 1369 1422 memoria

975 1437 1058 1470 Mihi
1083 1439 1127 1471 sit
1149 1447 1266 1479 perpes
1291 1438 1403 1481 gloria,

975 1486 1104 1518 Exaudi
1128 1486 1208 1519 haec
1231 1485 1415 1526 precamina

974 1534 1049 1567 Mea
1076 1534 1186 1566 delens
1210 1534 1397 1575 peccamina

974 1583 1103 1615 Virtute
1125 1582 1358 1623 potentissima.

972 1630 1154 1664 Katharina
1179 1630 1333 1673 piissima,

972 1678 1058 1718 Quae
1082 1679 1269 1719 perpetravi
1295 1678 1419 1712 scelera

971 1727 1017 1759 Et
1039 1727 1124 1760 mala
1147 1727 1323 1771 innumera,

971 1775 1023 1807 Ab
1050 1783 1159 1808 eorum
1182 1784 1234 1807 me
1258 1774 1385 1807 sarcina

970 1823 1040 1855 Tua
1063 1832 1160 1863 prece
1187 1831 1335 1856 exonera.

971 1871 1047 1904 Cum
1071 1873 1157 1904 mala
1181 1872 1333 1912 cogitatio

971 1919 1029 1951 Vel
1055 1920 1193 1953 carnalis
1218 1920 1386 1960 temptatio

968 1968 1024 2000 Fit
1047 1968 1149 2003 hostis
1174 1968 1378 2010 expugnatio,

969 2017 1039 2049 Tua
1063 2017 1295 2050 commiseratio

970 2065 1021 2099 Sit
1046 2066 1153 2098 cordis
1178 2066 1351 2106 reparatio.

967 2114 1055 2146 Audi
1079 2122 1192 2154 preces
1219 2123 1290 2146 cum
1311 2113 1414 2154 jubilo

966 2162 1055 2195 Tuae
1079 2163 1195 2203 laudis,
1223 2171 1317 2203 quam
1341 2164 1460 2204 recolo,

968 2211 1148 2244 Katharina
1170 2210 1356 2252 fortissima,

966 2260 1045 2293 Post
1066 2260 1206 2293 Mariam
1232 2260 1426 2296 dulcissima.

967 2308 991 2342 O
1016 2308 1133 2350 Maria,
1158 2306 1218 2341 fios
1236 2308 1406 2351 virginum,

965 2357 1080 2390 Mitem
1104 2356 1158 2390 fac
1181 2357 1259 2389 mihi
1283 2357 1454 2392 Dominum

965 2406 1070 2439 Deum
1093 2408 1184 2439 tuum
1208 2405 1257 2450 [et
1280 2405 1395 2451 filium]

963 2456 1027 2489 Por
1052 2455 1251 2489 Katharinac
1276 2456 1438 2494 meritum,
