1653 2668
149 185 205 218 47.

152 1002 206 1034 49.

156 1410 210 1442 50.

155 1821 214 1854 51.

159 2221 213 2253 52.

666 86 925 115 ——LZU-—-

231 180 337 225 Larga
361 182 469 218 Nabal,
490 179 629 214 convivia

281 231 343 264 Suo
369 230 488 263 faciens
513 227 643 266 tonsori,

233 278 418 319 Quaerendo
443 274 639 316 temporalia,

282 327 382 359 Gulae
404 333 518 358 vacans
544 325 574 354 et
598 322 720 362 honori,

234 374 440 414 comparatur
462 369 634 411 peccatori,

280 421 342 453 Dei
368 420 455 453 danti
480 417 617 451 convicia

232 469 348 507 Servis,
374 468 459 499 unde
482 467 584 498 morte
607 465 688 497 mori

279 515 379 548 Debet
404 517 537 554 propter
561 513 641 545 haec
664 512 752 545 vitia.

176 597 205 626 ὃ.
232 590 297 626 Iste
323 589 543 622 desiderabilis

279 639 387 676 Vultu,
412 638 519 670 David
545 636 711 677 gratiosus,

232 688 302 719 Rex
326 686 405 718 nulli
432 684 664 726 comparabilis,

279 734 378 766 Manu
404 732 506 773 fortis,
532 731 711 771 bellicosus,

234 782 378 815 Clemens
414 790 522 821 purus,
551 788 722 819 amorosus,

280 828 422 861 Christus
448 831 497 861 est
519 827 736 868 immutabilis,

234 877 291 917 Qui
318 884 443 917 semper
468 878 515 907 est
539 875 694 916 gloriosus

281 925 320 956 In
345 924 463 956 sanctis
489 926 521 955 et
543 922 708 956 mirabilis,

235 997 281 1035 Es
305 999 434 1041 Abigail
464 1000 600 1042 sapiens,

279 1048 386 1080 David
412 1047 559 1079 deferens
581 1055 724 1088 munera,

232 1096 337 1128 Nabal
363 1098 394 1127 et
418 1095 523 1128 David
548 1093 669 1126 faciens

278 1143 431 1176 Precibus
455 1142 518 1174 tuis
543 1140 684 1183 foedera,

233 1191 317 1223 Dum
339 1191 395 1230 pia
418 1190 510 1223 luctis
533 1189 634 1222 ubera

285 1238 408 1271 Christo
436 1237 551 1270 dedisti
575 1238 729 1278 nutriens,

234 1286 457 1318 Peccator-ibus
483 1286 605 1317 scelera

282 1333 359 1366 Tuis
382 1333 505 1365 meritis
526 1333 659 1367 leniens

235 1406 371 1450 Regina,
396 1409 486 1450 virgo
510 1409 609 1451 regia,

283 1457 333 1489 De
358 1466 473 1498 genere
496 1457 603 1490 David
632 1457 727 1498 regis,

238 1505 299 1537 Dei
322 1507 424 1537 mater
449 1508 480 1537 et
503 1504 580 1544 filia,

281 1552 786 1593 ChristiparensGhristumregiS,

236 1600 356 1633 Nostra
378 1603 490 1640 mater,
515 1603 643 1633 nostrae
667 1601 746 1640 legis

284 1648 439 1680 Gaudium
466 1651 497 1680 et
520 1649 653 1689 laetitia,

233 1697 440 1729 Peccatorum
464 1695 558 1728 fortis
582 1696 691 1737 Aegis,

280 1743 396 1787 Decus,
423 1743 524 1776 bonor
550 1746 581 1775 et
604 1744 712 1785 gloria.

238 1816 277 1854 In
302 1822 335 1852 te
359 1821 423 1854 sola
450 1828 523 1860 spes
547 1818 654 1860 figitur

289 1868 396 1901 Omnis
421 1868 550 1900 humani
574 1869 708 1908 generis,

236 1916 301 1948 Per
327 1919 359 1947 te
383 1916 482 1949 solam
511 1916 685 1948 destruitur

284 1964 377 1996 Adae
401 1966 567 2004 peccatum
591 1964 721 2006 veteris,

236 2011 329 2043 Vitae
352 2015 463 2051 portus
490 2020 522 2043 es
547 2012 681 2052 miseris,

282 2059 346 2091 Per
370 2062 403 2091 te
427 2060 512 2091 salus
537 2060 722 2100 acquiritur,

236 2106 349 2139 Nescit
371 2108 496 2139 reatum
517 2107 658 2147 sceleris,

285 2155 343 2194 Qui
367 2157 400 2186 te
425 2155 541 2187 devote
564 2155 717 2195 sequitur.

239 2217 363 2254 Bonum
389 2224 437 2253 est
462 2231 535 2262 ergo
560 2221 699 2254 subdere

286 2267 363 2301 Sese
386 2271 460 2302 tuae
483 2270 640 2303 servituti.

240 2315 420 2349 Secundum
441 2319 475 2349 te
499 2326 534 2349 se
556 2326 666 2358 regere

288 2363 494 2405 Disponendo
519 2375 554 2397 se
578 2365 697 2403 virtuti,

829 398 884 430 53.

831 808 885 841 54.

834 1219 887 1251 55.

841 1630 896 1663 56.

838 2032 891 2064 57.

910 176 1055 216 Namque
1078 174 1125 206 tui
1149 173 1233 206 servi
1257 170 1317 203 tuti

958 224 1022 256 Per
1055 225 1087 254 te
1110 223 1243 261 possunt
1269 217 1453 257 ascendere,

912 271 1051 310 eoelum,
1076 269 1173 303 vitam
1198 267 1338 301 assecuti

957 318 1076 350 Tecum
1099 326 1228 357 semper
1253 318 1284 347 et
1308 314 1427 347 vivere.

912 392 1032 428 volens
1057 394 1209 426 mundum
1232 391 1367 424 saevitia

959 441 1119 482 Principis
1143 440 1351 482 Assyriorum

912 489 1078 530 Subjicere
1097 488 1224 521 nefaria

958 537 1059 570 Manu
1085 537 1218 569 collecta
1245 535 1394 571 virorum,

913 586 1063 625 Magnam
1088 585 1216 625 plebem
1238 582 1430 615 Judacorum

960 633 1095 666 Obsedit
1117 633 1150 664 in
1177 630 1336 671 Bethulia,

910 682 948 714 In
973 683 1107 714 mortem
1128 683 1282 713 moestam
1308 687 1415 711 eorum

959 729 1072 763 Mente
1097 729 1236 761 delirans
1259 727 1367 768 impia.

913 804 1035 839 Sancta
1057 805 1170 837 Judith
1194 813 1254 845 pro
1279 804 1399 844 populo

962 852 1123 887 Salvando
1149 861 1184 885 sc
1207 851 1424 892 praeparavit,

912 901 1015 934 Nocte
1039 909 1171 942 surgens
1196 900 1237 932 de
1260 900 1377 932 lectulo

961 950 1087 982 Vocans
1111 948 1221 982 abram
1239 948 1455 989 praeparavit,

913 996 1085 1030 Holoferni
1108 996 1326 1037 praesentavit

963 1044 1004 1077 Se
1027 1053 1086 1086 pro
1111 1044 1214 1085 gentis
1238 1044 1394 1085 periculo,

914 1094 1041 1126 Necans
1068 1101 1139 1125 eum
1161 1091 1314 1125 liberavit

965 1139 1056 1174 Cives
1082 1150 1102 1172 a
1125 1140 1237 1173 mortis
1257 1140 1376 1177 jaculo.

914 1212 977 1250 Est
1002 1217 1114 1250 civitas
1138 1216 1298 1256 Betbulia,

963 1264 1063 1303 Quam
1086 1264 1214 1297 obsidet
1238 1264 1397 1297 dissensio

913 1312 1147 1354 Daemonisque
1170 1312 1310 1353 perfidia

963 1360 1009 1394 Et
1032 1361 1173 1393 haeresis
1197 1361 1353 1402 deceptio,

919 1408 1096 1448 Conjuncta
1118 1411 1173 1441 tuo
1198 1407 1266 1441 filio

965 1456 1085 1489 Nostra
1106 1460 1209 1489 mater
1235 1456 1379 1497 ecclesia,

918 1504 986 1537 Tuo
1011 1506 1080 1537 tuta
1102 1505 1256 1545 subsidio,

966 1551 1095 1585 Munita
1116 1555 1173 1585 tua
1197 1553 1309 1593 gratia.

922 1626 974 1662 Tu
1000 1638 1033 1661 es
1059 1629 1173 1662 Juditb
1196 1629 1423 1672 pulcherrima,

969 1677 1055 1717 Quae
1079 1678 1198 1710 liberas
1225 1677 1393 1709 ecclesiam

919 1724 1089 1757 Holoferni
1114 1725 1271 1758 acerrima

967 1773 1009 1805 Vi
1034 1781 1093 1813 per
1120 1773 1259 1805 divinam
1283 1773 1429 1816 gratiam,

919 1821 1136 1861 Haeresisque
1160 1820 1331 1861 perfidiam

971 1867 1146 1901 Confutans
1168 1878 1227 1910 spe
1252 1869 1441 1910 certissima,

919 1914 1074 1949 Fundens
1098 1926 1195 1956 super
1221 1916 1373 1951 familiam

968 1962 1095 1997 Gaudia
1119 1964 1314 1998 beatissima.

919 2026 1082 2073 Benignus
1107 2033 1285 2072 sapientiae

968 2079 1106 2118 Spiritus
1132 2083 1164 2112 et
1190 2080 1380 2123 dulcedinis,

921 2125 1062 2171 Consilii,
1091 2128 1255 2170 scientiae,

967 2175 1116 2216 Timor-is,
1141 2175 1354 2217 fortitudinis,

919 2221 1043 2255 Lumen
1068 2224 1168 2257 divini
1193 2225 1340 2266 numinis,

969 2272 1078 2304 Omnis
1104 2272 1229 2313 generis
1254 2273 1386 2315 gratiae,

920 2317 967 2350 Te
992 2321 1139 2360 replevit,
1165 2323 1200 2353 ut
1222 2321 1360 2353 hominis

971 2366 1074 2400 Causa
1099 2369 1143 2400 sis
1166 2368 1394 2409 indulgentiae.
