1655 2669
167 231 208 265 11

168 439 211 471 12

168 646 212 679 13

168 852 212 885 14

170 1060 212 1092 15

170 1266 212 1300 16

168 1474 211 1506 17

164 1681 208 1714 18

167 1889 211 1922 19

164 2096 209 2129 20

160 2305 216 2338 21.

215 256 223 263 .
251 231 423 265 Numerosi
448 236 514 266 tam
538 234 676 276 benigno

300 279 448 313 Liberati
473 281 593 315 famine

252 327 321 368 Ope
342 329 410 369 ejus
436 339 456 361 a
478 331 618 371 maligno

299 377 411 410 Juncti
436 379 517 410 coeli
538 379 672 419 agmine.

215 463 223 472 .
249 438 332 471 Boni
359 439 503 481 credunt,
529 441 606 473 mali
630 442 728 474 ruunt

297 487 425 520 Divinis
448 488 589 529 judiciis,

794 138 861 174 ‘231

252 534 271 566 J
273 539 379 567 ustum
389 536 647 578 caeduntsquali,
657 536 802 577 trudunt,

300 582 446 625 Affigunt
470 584 625 626 supliciis,

220 669 227 676 .
253 644 464 677 Sanctitatem
489 656 552 679 non
579 646 718 680 ferentes

298 693 423 726 Grandi
451 703 521 726 cum
545 694 664 734 injuria

250 741 415 774 Obaudire
439 745 609 775 renuentes

298 789 363 823 Sua
386 799 446 830 pro
474 791 603 824 duritia.

215 876 223 884 .
249 851 372 884 Mentis
398 851 515 886 foedae
537 854 625 886 hunc
640 854 803 894 repellunt

297 901 349 932 Ab
375 900 456 933 urbe
478 901 668 943 Wormatia‚

250 947 370 981 Nullae
394 958 503 982 morae
526 950 732 982 intercedunt

297 997 368 1029 Nec
392 1006 547 1030 annorum
573 998 687 1037 spatia.

218 1083 225 1092 ‚
252 1059 483 1091 Incunctanter
507 1058 625 1091 famam
651 1059 742 1092 audit

297 1106 408 1139 Sancti
433 1108 576 1147 prudens
602 1107 743 1148 The0d0‚

248 1154 447 1188 Bavarorum
474 1155 549 1198 dux,
576 1155 745 1195 applaudit

299 1203 436 1235 Mittens
461 1212 522 1243 pro
548 1203 716 1244 episcopo:

217 1290 224 1299 .
254 1266 395 1298 Visitare
420 1265 607 1306 dignaretur

298 1313 455 1346 Sedentes
479 1314 513 1345 in
538 1313 691 1357 tenebris,

248 1361 408 1394 Suscitari
429 1365 632 1394 mererentur

296 1410 470 1442 Foetentes
495 1409 667 1443 illecebris

217 1500 224 1508 ,
251 1472 344 1504 Tunc
367 1472 549 1513 praemittis
576 1480 647 1503 cum
671 1472 785 1513 legatis

297 1519 490 1553 Sacerdotes
513 1519 600 1563 fidei,

250 1569 372 1602 Verum
395 1567 492 1608 jubar
515 1572 590 1608 post
614 1566 672 1600 hos
697 1567 801 1608 vadis,

292 1617 551 1650 Fundamentum
576 1616 698 1656 populi.

213 1706 220 1712 .
247 1679 395 1712 Audiens
421 1679 573 1719 princeps
597 1677 765 1718 praefatus

299 1727 423 1760 Grandi
450 1730 526 1759 ovat
549 1726 676 1769 gaudio,

248 1776 394 1809 Militum
419 1784 537 1816 auceps
562 1775 702 1815 stipatus

294 1824 438 1865 Suscipit
463 1832 534 1856 cum
559 1824 688 1863 populo.

216 1916 224 1923 ,
251 1886 387 1919 Sanctus
406 1885 518 1918 ducem
543 1885 740 1926 Ratisponae

297 1934 457 1968 Instruxit
476 1934 608 1975 jejuniis

248 1984 299 2015 Ac
322 1984 396 2015 luce
420 1983 533 2015 salutis
558 1982 663 2015 bonae

295 2031 424 2065 Indidit
446 2031 619 2071 mysteriis.

213 2122 220 2129 .
248 2093 383 2127 Nobiles
409 2096 442 2125 et
465 2094 640 2134 populares

299 2142 501 2175 Salvator-em
526 2142 677 2184 omnium,

249 2191 367 2224 Cuncti
392 2190 487 2225 simul
512 2191 677 2232 generales

295 2240 509 2280 Agnoverunt
531 2239 713 2272 Dominum.

244 2303 421 2336 Theodone
445 2301 631 2334 obsecratus

292 2352 432 2385 Alveum
456 2350 599 2383 Danubii

243 2401 375 2435 Intrans
400 2400 528 2440 spargis
552 2398 623 2432 Deo
648 2403 758 2440 gratus

290 2449 435 2484 Verbum
460 2448 627 2490 evangelii.

862 237 906 269 22

863 442 906 474 23

860 646 916 679 24.

860 852 918 885 25.

859 1058 915 1090 26.

860 1264 914 1297 27.

860 1471 915 1504 28.

859 1677 914 1710 29.

861 1883 916 1917 30.

860 2092 916 2126 31.

861 2302 916 2335 32.

911 261 919 269 .
945 236 1094 269 Tendens
1118 245 1219 277 usque
1242 235 1434 268 Lauriacum

993 285 1038 317 Et
1062 283 1221 326 Non'ngos
1246 284 1358 316 visitas

946 333 998 364 Ac
1023 332 1190 365 Germanis
1217 332 1410 364 coelibatum

992 381 1214 413 Praedicando
1239 381 1378 413 intimas.

911 468 917 474 .
945 441 1017 474 Tali
1043 450 1141 481 opere
1166 443 1389 475 commendans

994 490 1103 522 Jesum
1128 493 1237 522 natum
1261 489 1431 522 Dominum

941 536 995 569 Ex
1019 540 1149 570 aeterno
1173 540 1267 578 patre
1291 539 1420 579 signans

989 587 1077 618 Ante
1102 589 1206 618 ortum
1231 589 1420 626 temporum.

942 646 1059 679 Matris
1086 647 1280 689 virginisque
1304 651 1442 688 partum,

989 695 1093 727 Deum
1119 697 1188 728 veri
1210 696 1350 740 luminis,

945 741 1147 784 Crucifixum,
1175 753 1316 784 passum,
1344 746 1472 785 captum

991 791 1054 824 Pro
1080 791 1184 824 salute
1204 792 1351 826 hominis.

944 852 1060 885 Omnes
1084 854 1212 886 salvans
1235 854 1423 894 resurrexit,

988 901 1148 933 Ascendit
1169 903 1211 934 ad
1235 903 1385 944 patriam,

943 948 1044 980 Nobis
1068 949 1217 989 spiritum
1244 950 1363 982 direxit

988 996 1137 1029 Pandens
1162 1006 1252 1030 suam
1277 998 1422 1038 gloriam.

941 1057 1042 1090 Facto
1070 1057 1250 1092 Christiano
1274 1060 1354 1092 duce

988 1107 1038 1138 Ac
1061 1104 1152 1138 fideli
1176 1107 1295 1148 populo

940 1154 1170 1186 Incunctanter
1193 1156 1298 1187 locum
1324 1158 1393 1188 tute

992 1202 1108 1235 Censes
1135 1203 1307 1243 episcopio.

941 1264 1111 1296 Tumulum
1135 1265 1224 1297 urbis
1250 1265 1420 1305 collapsae,

990 1313 1078 1352 Quae
1102 1312 1225 1346 Juvavo
1250 1314 1378 1345 nomine

940 1360 1025 1393 Erat
1051 1360 1147 1401 dicta,
1171 1361 1308 1394 indilate

989 1408 1165 1441 Renovasti
1189 1417 1355 1449 prospere.

940 1470 1064 1503 Nomen
1088 1471 1122 1502 in
1137 1470 1345 1512 Sanburgam
1360 1473 1488 1504 vertunt

992 1518 1108 1560 Sicque
1134 1522 1166 1550 et
1188 1528 1273 1551 nunc
1299 1520 1428 1561 dicitur,

942 1566 1005 1598 Tot
1028 1566 1078 1599 illi
1100 1566 1184 1599 bona
1207 1568 1393 1609 impertunt‚

991 1614 1082 1654 Quod
1107 1624 1229 1647 summe
1252 1615 1428 1655 perficitur.

942 1676 994 1709 Ibi
1015 1679 1170 1709 structam
1196 1677 1365 1720 dedicasti,

989 1725 1150 1758 Fundasti
1175 1725 1351 1766 ecclesiam,

942 1772 1052 1813 Beate,
1079 1782 1173 1813 quam
1200 1775 1359 1807 decorasti

992 1822 1046 1855 Ad
1074 1821 1214 1854 divinam
1238 1822 1381 1862 gloriam.

943 1884 1067 1917 Vernas
1094 1883 1213 1917 Christi
1236 1886 1431 1926 sacerdotes,

987 1933 1128 1967 Clericos
1153 1942 1192 1966 ac
1215 1934 1368 1975 populum

943 1980 1043 2013 Sexus
1067 1982 1233 2023 utriusque
1259 1983 1353 2015 doces

991 2029 1231 2062 Sacramentum
1257 2031 1414 2064 ordinum.

942 2092 997 2125 Ad
1027 2101 1104 2134 quos
1130 2096 1202 2126 tuas
1227 2096 1354 2126 sanctas
1379 2094 1491 2127 laudes

990 2141 1064 2174 Non
1088 2150 1218 2181 possum
1244 2143 1434 2184 exprimere,

944 2189 1144 2230 (iunctasque
1167 2191 1323 2223 malorum
1348 2190 1480 2225 fraudes

991 2238 1134 2279 Dignare
1156 2239 1332 2280 ignoscere.

943 2300 981 2332 In
1006 2301 1119 2333 labore
1142 2302 1354 2343 praedicandi

989 2350 1110 2392 Magna
1134 2354 1190 2384 tua
1213 2352 1348 2394 proelia,

943 2397 1038 2432 Nunc
1063 2400 1213 2433 ecclesias
1238 2398 1398 2435 fundandi

991 2448 1098 2481 Multa
1123 2452 1236 2483 sancta
1259 2450 1384 2484 merita.
