1653 2668
173 272 228 305 10.

182 753 238 786 20.

180 994 237 1027 25.

181 1234 238 1267 30.

180 1476 235 1508 35.

178 1716 234 1748 40.

177 2202 232 2235 50.

176 2446 231 2479 55.

707 128 968 166 -187-

256 224 281 258 Ο
307 225 452 265 parentis
477 234 595 266 parens
620 226 693 267 Dei,

255 273 354 312 Apud
377 273 484 313 ipsum
508 282 631 307 memor
653 276 728 316 mei,

259 320 380 360 Quibus
407 321 581 363 deprimor,
602 331 744 355 meorum

260 367 366 409 Terge
390 369 503 402 sordes
528 374 743 411 peccatorum.

257 416 302 449 Et
326 417 409 457 ipsa,
436 426 530 458 quam
555 419 704 460 genuisti,

261 465 358 499 Casta
381 469 486 498 mater
511 466 585 498 aula
609 466 740 509 Christi,

227 539 233 545 .
262 512 327 545 Sua
351 515 457 545 tecum
482 517 594 547 sancta
618 523 715 555 prece

258 559 315 592 Mo
340 561 380 593 ab
408 561 493 593 omni
519 566 636 602 purget
661 561 761 596 faece.

261 608 355 640 Felix
382 618 458 641 arca
483 610 677 651 testamenti,

265 657 353 696 Quae
377 657 522 690 Judaeae
547 666 610 689 non
637 658 781 690 credenti

263 703 385 738 Urnam
411 705 626 737 continentem
651 715 769 738 manna

266 752 448 796 Parturisti,
477 753 615 785 clemens
640 754 747 794 Anna,

262 799 331 833 Nec
356 804 520 833 terrenum
545 801 604 833 sed
630 802 780 843 coeleste,

264 850 382 882 Omnes
407 850 498 881 salva
521 858 579 882 nos
606 858 625 881 a
650 853 749 891 peste,

262 897 323 936 Qui
344 901 378 929 te
402 906 511 929 sumus
535 900 723 937 expetentes

263 944 309 977 Et
332 946 373 978 ad
399 948 433 977 te
458 944 689 986 confugientes.

262 992 315 1025 Ex
341 1002 420 1025 auro
447 993 641 1034 virginitatis

264 1041 362 1074 Clara
386 1039 479 1073 fulsit
502 1050 584 1073 urna
609 1041 699 1083 satis,

261 1090 302 1122 111
326 1098 389 1129 qua
412 1089 506 1129 panis
532 1089 717 1129 angelorum

263 1136 453 1170 Fabricavit
477 1137 540 1168 sibi
566 1137 703 1178 thorum,

263 1184 309 1219 Ut
334 1185 482 1225 lassatas,
508 1186 710 1225 poenitentes

263 1233 452 1273 Anxiasque
475 1233 563 1266 levet
586 1235 709 1266 mentes

263 1280 398 1321 Hasque
422 1284 535 1321 pascet
560 1289 657 1313 carne
682 1290 748 1325 sua,

261 1330 362 1369 Quam
397 1329 534 1370 sumpsit
560 1329 601 1361 de
626 1338 722 1362 carne
747 1331 811 1360 tua.

263 1377 326 1410 Ille
351 1386 408 1409 rex
433 1377 629 1417 propitiator

259 1424 384 1457 Mundo
413 1425 506 1457 datus
533 1427 580 1458 est
606 1426 758 1467 salvator,

262 1474 302 1506 In
327 1482 388 1513 quo
413 1475 524 1505 nostra
548 1473 635 1505 salus
660 1473 762 1504 multa

261 1522 309 1554 Te
330 1521 463 1561 juvante
490 1524 540 1552 est
564 1522 699 1553 exculta.

262 1570 367 1602 Terra
392 1571 504 1601 sancta
529 1569 634 1602 carnis
661 1568 782 1601 Christi

261 1618 312 1650 De
335 1620 435 1658 terra,
459 1626 554 1658 quam
579 1616 718 1657 coluisti,

259 1666 322 1699 Est
347 1668 523 1708 assumpta,
551 1665 635 1698 sicut
658 1667 759 1705 patet,

262 1714 504 1747 Sacramentum
528 1715 591 1746 hoc
614 1722 678 1745 non
702 1713 793 1745 latet.

262 1763 288 1796 O
314 1772 371 1795 vas
396 1763 494 1795 Anna
518 1761 705 1803 gratiarum,

258 1810 812 1854 Tuumnomen,quampraeclarum,

261 1860 318 1892 Me
340 1858 518 1892 laetificare
543 1858 627 1892 solet

259 1908 306 1940 Et
330 1907 469 1949 auferre,
496 1908 524 1939 si
550 1907 628 1949 quid
655 1906 750 1939 dolet.

227 1980 234 1988 .
262 1956 344 1997 Quia
368 1956 474 1998 gratia
498 1955 625 1988 vocaris

260 2005 455 2044 Men'tisque
480 2004 633 2044 splendes
661 2003 768 2046 claris,

259 2054 339 2094 Fac,
365 2055 402 2085 ut
423 2053 518 2093 juxta
542 2061 656 2085 nomen
681 2054 771 2084 tuum

261 2101 378 2135 Faciat
404 2109 461 2133 rex
487 2109 568 2141 opus
593 2108 684 2132 suum

255 2151 293 2184 In
319 2159 382 2193 me,
409 2149 472 2182 sibi
498 2149 546 2181 sic
570 2148 754 2189 splendere,

262 2199 395 2232 Valeam
412 2200 448 2229 ut
470 2198 680 2238 complacere.

258 2247 469 2289 Figulusque,
496 2246 551 2286 qui
578 2245 618 2278 de
643 2246 720 2278 limo

258 2295 353 2329 Fecit
376 2295 410 2327 in
436 2293 572 2335 parente
595 2294 713 2334 primo,

254 2343 349 2385 Quod
374 2345 465 2376 costa
487 2343 619 2377 sublata
643 2342 712 2376 viro

257 2394 315 2426 Fit
340 2392 451 2432 virago
477 2394 551 2424 actu
575 2391 666 2436 miro,
705 2413 708 2416 -

258 2443 307 2476 Te
330 2440 493 2486 formavit,
519 2443 557 2472 ut
577 2438 716 2473 formata

891 420 946 453 60.

894 898 937 930 70

896 1136 938 1169 75

896 1376 940 1410 80

895 1616 938 1650 85

892 1858 948 1891 90.

897 2147 941 2180 95

875 2390 942 2423 100

972 227 1068 260 Hunc
1093 227 1238 267 placares
1263 234 1360 268 prece
1385 228 1486 265 grata,

971 276 1089 315 Sicque
1111 274 1206 307 fieres
1231 274 1403 306 multorum

974 324 1176 356 Consolatrix
1201 323 1400 354 miserorum.

974 371 1146 404 Consolare
1169 379 1220 402 me
1242 371 1403 410 lugentem

970 419 1017 451 Et
1041 417 1187 452 conforta
1212 418 1427 459 poenitentem

973 467 1019 500 Et
1042 466 1142 499 reduc
1167 466 1208 499 ad
1235 467 1320 499 vitae
1345 465 1429 498 viam

974 515 1019 547 Et
1043 514 1154 548 videre
1181 514 1222 546 da
1245 513 1409 555 Messiam,

975 563 1074 602 Quem
1099 563 1224 595 venisse
1249 562 1352 594 nescit
1376 570 1432 593 rea

974 610 1038 642 Sed
1065 613 1232 642 venturum
1249 618 1325 651 gens
1342 608 1493 641 Hebraea

940 684 948 691 .
978 658 1128 691 Adstruit
1153 661 1185 690 et
1209 660 1373 690 asseverat

977 704 1166 746 perfidaque
1190 709 1239 737 est
1262 708 1298 738 ut
1322 707 1401 738 erat.

976 754 1053 786 Tuis
1079 763 1164 794 ergo,
1191 757 1303 794 mater,
1330 752 1411 786 votis

976 802 1060 834 Cura
1084 800 1173 834 favet
1196 802 1243 833 sie
1267 800 1404 841 nepotis,

976 850 1020 883 Ut
1044 850 1089 881 nil
1114 851 1217 893 neget,
1244 850 1273 881 si
1298 848 1374 889 quid
1400 848 1491 889 velis,

943 923 950 930 .
977 898 1213 937 Repraesentas
1234 897 1319 937 quod
1343 897 1377 928 in
1391 896 1500 929 caelis.

977 945 1080 986 Igitur
1105 945 1189 977 hunc
1212 945 1385 984 interpella

981 992 1093 1033 Sitque
1115 995 1222 1025 tecum
1245 993 1344 1024 maris
1368 993 1473 1034 stella,

976 1040 1021 1072 Et
1045 1049 1104 1080 pro
1130 1049 1180 1072 me
1206 1040 1367 1073 Christum
1392 1044 1482 1072 orate

978 1088 1104 1121 Ambae
1111 1092 1231 1120 matres
1241 1088 1367 1121 Christo
1377 1092 1499 1128 gratae.

944 1162 950 1169 .
979 1136 1097 1168 Sensus
1113 1145 1173 1175 per
1189 1145 1256 1177 vos,
1283 1144 1407 1176 precor,
1434 1136 1497 1168 mei

978 1183 1169 1216 Muniantur
1192 1183 1290 1216 laude
1315 1183 1385 1226 Dei,

977 1233 1024 1266 Ut
1036 1232 1083 1263 nil
1096 1234 1203 1274 agant,
1222 1231 1308 1272 quod
1321 1231 1497 1274 horrescat,

977 1279 1161 1320 Indignatio
1187 1288 1249 1319 quo
1276 1282 1400 1312 crescat

978 1329 1078 1368 Quam
1103 1326 1232 1368 benigni
1257 1327 1436 1361 salvatoris.

944 1401 951 1409 .
976 1376 1064 1415 Ergo
1090 1384 1140 1407 me
1165 1375 1223 1407 sub
1251 1376 1372 1408 cunctis
1396 1375 1484 1407 horis

978 1423 1055 1463 Fac,
1081 1425 1186 1464 Anna,
1213 1432 1331 1463 parens
1356 1423 1461 1464 beata,

977 1471 1046 1504 Fac
1072 1480 1142 1504 cum
1167 1474 1223 1503 tua
1247 1471 1340 1511 prole
1364 1474 1466 1512 grata,

976 1519 1024 1552 Ut
1036 1528 1087 1551 me
1107 1519 1263 1559 Christus,
1277 1522 1389 1551 auctor
1404 1519 1498 1559 vitae,

978 1566 1054 1600 Sine
1078 1568 1159 1608 rixa,
1187 1567 1255 1599 sine
1280 1567 1337 1599 lite

943 1639 950 1646 .
978 1614 1048 1648 Sibi
1073 1614 1171 1648 faciat
1195 1615 1362 1656 praeclare

978 1664 1018 1697 In
1043 1663 1104 1696 hac
1128 1664 1196 1696 vita
1219 1664 1368 1696 militare.

978 1711 1039 1751 Qui
1057 1710 1129 1744 fons
1140 1715 1255 1751 patens
1269 1712 1380 1744 domus
1393 1711 1501 1745 David

981 1760 1170 1792 Peccatores
1195 1760 1311 1792 multos
1336 1760 1425 1800 lavit,

979 1809 1042 1841 Per
1066 1811 1101 1840 te
1124 1808 1213 1840 lavet
1236 1810 1268 1839 et
1293 1811 1459 1849 expurget,

974 1856 1136 1896 Quidquid
1153 1856 1187 1888 in
1204 1865 1255 1887 me
1274 1856 1377 1888 scelus
1394 1859 1497 1897 urget.

976 1905 1015 1936 In
1041 1904 1222 1937 Jerusalem
1248 1904 1302 1945 qui
1326 1908 1443 1945 manet,

979 1953 1133 1994 Poscens,
1166 1955 1203 1984 ut
1236 1952 1321 1984 hunc
1355 1952 1500 1985 Christus

1273 2003 1375 2044 sanet,

978 2049 1042 2082 Hic
1066 2049 1099 2082 in
1124 2050 1215 2089 pacis
1240 2048 1363 2082 visione

978 2099 1103 2138 Dignus
1130 2100 1180 2129 est
1203 2098 1434 2138 redemptione.

946 2171 953 2178 .
979 2147 1123 2187 Angelus
1150 2149 1200 2178 est
1225 2146 1317 2187 quasi
1340 2146 1412 2189 Dei,

979 2195 1079 2235 Quem
1103 2194 1247 2227 illustrat
1271 2194 1318 2228 sol
1346 2195 1410 2228 diei

979 2243 1114 2283 Luxque
1140 2245 1233 2276 vacat
1258 2243 1409 2276 creatoris

981 2292 1033 2324 Ab
1060 2300 1170 2324 errore
1195 2291 1384 2326 seductoris.

979 2340 1019 2372 In
1041 2340 1102 2372 hoo
1127 2338 1217 2373 fonte
1241 2340 1356 2373 Petrus
1381 2341 1470 2383 lavit,

946 2416 953 2422 .
979 2389 1071 2430 Quod
1096 2389 1242 2430 negando
1260 2390 1327 2430 jam
1344 2391 1502 2431 peccavit,

980 2437 1025 2470 Et
1049 2446 1101 2470 res
1125 2439 1269 2478 partiens
1293 2438 1457 2472 Zachaeus
