1653 2668
717 140 977 176 —192—

612 236 673 268 162.
714 235 756 266 De
778 236 886 265 sancto
906 233 1084 266 Benedicto.

227 327 233 331 .
260 299 362 339 Salve,
388 299 472 331 abba
495 297 728 338 monachorum,
902 296 933 328 6.
960 294 1100 326 Futurus
1125 292 1227 324 abbas
1251 292 1390 332 plurium

260 346 351 379 Vitae
375 344 485 386 forma,
513 346 608 377 decus
632 352 764 382 morum,
961 341 1040 374 Mox
1066 340 1157 381 fugas
1183 349 1274 372 omne
1299 340 1428 372 noxium

306 394 352 425 Te
378 393 490 426 decent
512 391 692 432 praeconia,
1006 389 1069 421 Tui
1095 388 1242 420 candoris
1267 388 1402 428 spiculo,

261 441 383 473 Gnaruv„
410 440 494 473 orbis
519 441 695 479 reparator,
959 437 1005 469 Es
1030 436 1183 468 virtutum
1207 436 1279 476 pius
1305 438 1402 478 sator,

260 487 487 520 Salvannlorum
512 489 705 527 propagator
961 484 1117 516 Vitiorum
1143 484 1337 524 exstirpator

306 535 423 567 Christi
446 545 480 566 1n
505 534 648 566 ecclesia.
1008 531 1193 564 Sanctitatis
1218 532 1354 563 sarculo.

226 620 232 626 .
257 592 305 624 Tu
330 593 470 623 nostrum
494 601 526 623 es
552 590 767 631 spectaculum
903 591 933 622 7.
959 589 1067 621 David
1092 589 1178 620 mitis
1205 588 1342 630 eluxisti,

260 639 437 678 'rutamque
460 638 732 679 propugnaculum
961 637 1058 669 Velut
1081 636 1138 668 ille
1163 639 1197 667 tu
1222 636 1377 676 planxisti

305 686 359 718 Pio
384 686 463 727 legis
488 685 627 726 foedere,
1008 684 1134 716 Aemuli
1158 684 1334 723 interitum,

259 733 354 766 Sacer
378 737 488 766 auctor
511 734 659 773 instituti,
959 732 1042 765 Dum
1067 735 1124 763 nat
1148 730 1269 764 ferrum
1291 731 1470 770 Helisaeus,

258 782 323 819 Quo
349 781 441 813 electi
465 784 539 813 sunt
561 781 674 813 imbuti
959 780 1083 820 Helias,
1106 789 1176 812 cum
1202 779 1262 811 tibi
1286 778 1374 811 Deus

303 828 405 868 Digne
429 829 497 861 Deo
522 829 638 861 vivere.
1007 827 1101 861 Corvi
1129 827 1184 859 dat
1209 827 1368 867 solatium,

200 888 228 918 ¹.
255 884 346 927 Nam,
372 887 409 917 ut
434 886 537 928 doces,
561 886 608 917 sic
632 885 741 918 vixisti
902 886 933 919 8.
961 885 1004 917 Et
1028 894 1151 916 merum
1176 885 1306 917 vincens
1332 884 1474 916 toxicum

253 932 302 964 Ac
326 933 460 965 vivendo
487 933 636 965 exstitisti
961 933 1070 964 Vitale
1093 941 1153 972 per
1177 932 1375 973 signaculum

303 980 406 1012 vivax
430 990 540 1013 norma
564 980 712 1020 subditis,
1009 980 1146 1020 Compar
1171 983 1247 1011 tunc
1272 980 1435 1019 apostolis,

257 1027 329 1069 Eja,
356 1036 445 1060 sacer
469 1028 653 1069 Benedicta,
960 1027 1054 1060 Nunc
1078 1028 1110 1059 in
1139 1028 1227 1060 coelo
1254 1027 1454 1067 sublimatus,

256 1073 378 1114 Dulcis,
406 1076 542 1107 clemens
569 1078 598 1107 et
623 1075 754 1115 invicte,
958 1076 1086 1107 Exinde
1110 1074 1307 1115 glorificatus

301 1121 391 1153 Mitis
417 1125 511 1163 atque
536 1123 674 1163 humilis,
1005 1123 1050 1155 Et
1074 1132 1107 1155 es
1131 1131 1261 1155 consors
1287 1121 1419 1163 angelis.

222 1205 229 1211 .
257 1178 446 1211 Cunctorum
470 1182 578 1211 vatum
603 1179 747 1220 gratiam,
903 1182 934 1213 9.
960 1181 1023 1213 Per
1048 1182 1090 1221 te,
1116 1182 1210 1219 pater
1234 1180 1377 1219 generati

253 1226 388 1265 Ambos
413 1230 602 1267 patrumque
626 1227 770 1266 sophiam
961 1227 1085 1269 Sumus,
1110 1227 1167 1259 sed
1192 1227 1254 1259 heu
1281 1227 1449 1266 depravati

301 1272 421 1306 Nactus
446 1283 479 1306 es
506 1275 629 1317 eximie,
1005 1274 1101 1307 Malis
1126 1275 1245 1307 nostris
1270 1274 1412 1314 actibus3

258 1320 340 1352 Dum
366 1322 497 1362 sophiae
523 1322 697 1362 deputariS,
958 1321 1080 1355 Refovc
1103 1331 1171 1362 nos,
1195 1322 1344 1364 gloriose,

257 1367 366 1400 Jesum
390 1370 443 1409 pie
467 1370 645 1409 aemularis,
959 1370 1085 1402 Christo
1111 1370 1188 1402 Jesu
1214 1370 1384 1411 viscerose,

300 1415 422 1448 Doctus
445 1418 583 1457 migrans
608 1417 723 1449 nescio.
1007 1418 1105 1450 Bonis
1130 1418 1401 1457 praevalentibus,

219 1498 226 1504 .
253 1472 369 1504 Natale
394 1474 494 1506 solum
521 1474 680 1512 deserenS,
877 1475 931 1508 10.
957 1475 1068 1507 Donec
1091 1475 1198 1507 lumen
1222 1475 1400 1507 increatum

252 1519 341 1551 Vasti
366 1525 538 1562 praerupta
562 1525 744 1564 penetrans,
958 1522 1007 1555 Sit
1029 1523 1062 1554 in
1088 1522 1181 1554 nobis
1206 1526 1401 1564 reparatum,

297 1567 379 1599 Fido
403 1569 531 1609 signans
555 1569 730 1610 Abraham,
1005 1570 1178 1602 Precamur
1203 1571 1403 1611 suppliciter,

253 1614 340 1647 Clam
365 1617 423 1648 sub
452 1616 595 1649 frutectis
618 1617 736 1658 latitas,
953 1618 996 1650 Et
1021 1618 1054 1650 in
1079 1626 1176 1658 regno
1202 1619 1369 1652 claritatis.

251 1662 359 1694 Palam
386 1670 420 1695 uc
444 1665 492 1696 sol
515 1665 654 1697 irradias
955 1665 1023 1698 Tuo
1049 1669 1126 1697 nutu
1151 1666 1280 1706 pietatis

297 1710 435 1744 Densam
460 1713 571 1745 mundi
594 1712 753 1746 nebulam.
1004 1713 1132 1746 Colloca
1157 1712 1306 1746 feliciter.

270 1775 349 1803 Orat.
370 1785 422 1805 ms.
442 1778 661 1813 Eptemaeens„
681 1787 756 1806 saec.
779 1777 822 1806 15.
845 1779 915 1806 Cocl.
935 1780 1155 1816 Luciliburgen.
1178 1778 1203 1807 1.
1224 1796 1261 1799 —
1281 1777 1308 1814 3,
1331 1778 1346 1807 1
1368 1779 1436 1807 Jam
1462 1783 1503 1808 ut,

611 1861 670 1893 163.
709 1862 753 1893 De
775 1863 881 1894 sancto
903 1861 1076 1894 Benedicto.

215 1946 218 1950 f
247 1921 333 1952 Almi
358 1920 526 1954 Benedicti
549 1922 617 1954 vita
871 1925 902 1957 3.
932 1922 1113 1956 Coenobitis
1136 1923 1271 1964 praebes
1296 1934 1441 1957 normam

250 1968 365 2000 Orbem
390 1969 565 2002 illustravit
588 1970 633 2002 ita
928 1972 1204 2012 Anachoretisque
1228 1971 1362 2004 formam

297 2016 392 2047 Velut
416 2018 465 2049 sol
488 2018 661 2058 irradians,
975 2018 1050 2050 Vias
1075 2019 1161 2052 vitae
1184 2020 1321 2062 ingredi,

248 2063 307 2102 Qui
326 2063 440 2103 jubare
465 2074 539 2097 suae
563 2065 643 2097 lucis
932 2067 956 2099 Ο
983 2067 1236 2100 archimandrita
1260 2069 1323 2112 pie,

249 2110 313 2142 Sub
338 2113 454 2145 vexillo
479 2113 735 2145 sanctaecrucis
931 2114 1006 2154 Quis
1031 2124 1094 2147 non
1118 2119 1208 2156 optet
1232 2119 1307 2148 tuae
1331 2117 1402 2149 viae

297 2158 420 2191 Rutilat
447 2162 641 2200 crepusculo.
978 2163 1133 2203 Prosequi
1157 2164 1317 2206 vestigia?

193 2220 224 2248 ¹.
251 2215 275 2248 Ο
301 2217 470 2249 monarche
494 2218 678 2261 Benedicte,
873 2221 905 2252 4.
931 2219 1168 2253 Disertissimus
1192 2222 1353 2263 interpres

248 2262 371 2295 Nomen
387 2266 475 2297 tuum
501 2268 593 2298 sonat
618 2266 680 2297 rite
931 2267 1161 2310 Facundiaque
1182 2270 1325 2311 locuples

296 2311 334 2343 In
359 2313 443 2344 omni
469 2314 613 2354 ecclesia,
980 2317 1166 2350 ordinando
1191 2319 1353 2360 regulam,

249 2358 436 2393 Patriarcha
460 2361 693 2402 monachorum,
931 2364 1004 2396 Hoc
1028 2364 1202 2406 Gregorius
1227 2369 1364 2399 testatur

251 2405 462 2440 conservator
488 2418 520 2441 es
547 2412 741 2450 cunctorum,
932 2412 1050 2453 Stupor
1074 2414 1196 2455 mundi,
1222 2424 1309 2455 papa
1332 2424 1424 2449 sacer

299 2453 358 2492 Qui
382 2456 424 2488 ad
449 2459 482 2488 te
507 2456 700 2498 confugiunt.
980 2460 1018 2493 In
1042 2471 1098 2494 suo
1125 2462 1260 2503 dialogO.
