1653 2668
645 138 885 175 -85-

101 230 147 261 55.
169 234 193 262 O
217 234 341 269 Christe,
362 235 464 264 mundi
486 236 661 273 redemptor,
862 236 985 273 Christe,
1007 245 1072 264 cum
1092 238 1133 265 sit
1149 236 1199 265 hic
1220 236 1308 270 exire,

166 273 214 301 Sis
235 275 304 301 tuae
321 276 419 310 gentis
440 277 588 311 protector
858 275 907 304 Da
926 284 980 304 nos
1000 284 1052 312 per
1070 275 1303 304 misericordiam
1316 276 1417 301 venire

165 310 192 339 A
212 313 315 340 morbo
335 312 483 348 pestifero,
899 314 944 342 Ad
964 314 1093 351 palmam
1112 314 1264 342 victoriae.

496 369 542 398 56.
563 372 716 400 Ploremus
738 380 806 408 ergo
827 373 946 408 pariter,

562 410 730 439 clamemus
749 419 851 438 omnes
870 410 1000 439 fortiter:

602 448 676 477 Jesu
698 448 822 483 Christe,
844 450 993 478 miserere.

533 571 581 603 58.
622 571 657 603 In
676 570 897 612 Assumptione
916 570 1004 604 BMV.

106 658 136 692 1.
165 657 299 692 Grande
323 662 449 703 signum
470 664 593 697 coelum
610 664 736 706 pandit,
882 661 937 694 Sic
961 661 1124 696 affirmant
1147 664 1251 695 sancti
1275 666 1395 703 patres,

163 706 362 748 Angelorum
389 715 496 744 coetus
523 714 643 754 clangit
881 709 935 743 Sic
960 713 1075 753 tenete,
1096 711 1160 743 mei
1185 710 1312 751 fratres,

215 756 393 791 Occurrens
420 769 489 792 cum
515 761 676 801 laudibuS,
929 758 1044 791 Fortes
1070 759 1272 793 unanimiter.

166 801 209 835 Se
232 804 439 848 praefulgens
463 808 520 840 lux
544 809 711 849 expandit,

168 849 288 884 Christi
313 856 417 887 mater
442 856 519 888 dum
535 857 597 889 hoc
612 856 741 889 scandit

214 899 340 933 Vestita
366 902 559 944 duplicibus,

825 826 856 858 7.
882 825 1020 860 Elevata
1044 826 1137 859 sedes
1162 826 1240 867 poli,

881 873 1082 914 Praeparata
1106 869 1208 923 11111166
1231 873 1292 906 6611

931 922 985 954 Ad
1011 931 1161 962 suprema
1183 922 1302 961 sidera,

112 965 144 998 2.
171 965 262 998 Haec
289 969 329 1000 de
349 970 468 1004 mundo
485 974 588 1004 mater
604 972 725 1005 munda
884 969 1046 1009 Oblivisci,
1073 970 1172 1011 virgo,
1196 970 1273 1010 noli,

171 1013 263 1046 Mitis
289 1017 416 1050 scandit
440 1021 477 1050 ut
503 1020 659 1061 columba,
884 1016 986 1058 Tolle,
1011 1021 1124 1058 mater,
1152 1017 1236 1058 quod
1262 1019 1312 1049 est
1337 1017 1401 1048 doli

205 1061 312 1103 Super
336 1066 435 1099 solem
461 1066 643 1110 splendida,
933 1064 1055 1098 Nostra
1078 1066 1172 1107 pians
1197 1066 1330 1097 scelera.

173 1108 266 1143 Omni
291 1113 389 1146 laude
412 1114 617 1156 laetabunda,

171 1156 245 1190 Jam
269 1169 331 1192 nec
354 1162 460 1202 prima
484 1172 545 1196 nec
569 1164 711 1196 secunda

221 1206 299 1241 Visa
325 1213 373 1242 est
397 1213 464 1243 tam
491 1211 638 1245 candida.

829 1131 860 1163 8.
886 1131 1089 1172 incorrupta,
1115 1134 1183 1164 tota
1207 1132 1281 1164 viva

886 1178 933 1212 Et
954 1179 1091 1220 innupta
1114 1182 1219 1212 mater
1241 1180 1327 1220 diva,

937 1227 1024 1261 Coeli
1049 1231 1160 1260 tenens
1186 1228 1299 1260 solium

116 1282 145 1315 3.
175 1278 279 1310 Natus
302 1278 407 1310 locum
432 1278 638 1319 praeparavit
888 1275 1064 1316 ExaltariS,
1093 1275 1267 1315 coronaris,

173 1326 219 1359 Et
243 1324 379 1358 festinus
406 1326 548 1359 obviavit
888 1323 1084 1367 Dominaris,
1108 1323 1296 1363 jucundaris

224 1374 314 1407 Coeli
340 1382 411 1406 cum
435 1374 563 1415 militia,
934 1372 1160 1412 Amplexando
1181 1370 1293 1403 fflium.

174 1422 315 1455 Matrem
341 1430 431 1454 suam
456 1421 636 1462 honoravit,

177 1470 256 1504 Cum
282 1479 317 1502 se
342 1478 449 1502 secum
477 1470 647 1502 collocavit

226 1518 323 1551 Dulci
348 1517 557 1550 modulantia.

831 1438 863 1471 9.
890 1437 951 1477 Qui
975 1441 1153 1479 praecepta
1176 1438 1257 1479 legis
1283 1437 1383 1477 dedit,

888 1485 1057 1519 Honorare
1081 1488 1226 1528 matrem,
1254 1486 1343 1526 pegit

937 1534 983 1567 Et
1006 1536 1140 1566 matrem
1166 1542 1245 1573 prae
1271 1534 1407 1574 ceteris,

116 1591 149 1623 4.
176 1587 230 1621 Ad
256 1586 340 1619 hanc
364 1588 458 1617 natus
484 1593 558 1617 mox
582 1582 748 1616 descendit
890 1581 978 1623 Ergo
1005 1581 1117 1614 matris
1141 1582 1308 1622 legislator

175 1635 220 1668 Et
247 1644 318 1667 cum
341 1635 447 1666 matre
471 1641 546 1666 mox
569 1632 714 1665 ascendit
892 1628 928 1663 Si
952 1639 1015 1663 non
1041 1632 1125 1662 esset
1149 1633 1332 1668 venerator,

223 1683 277 1715 Ad
303 1690 455 1722 suprema
479 1681 611 1722 gloriae,
939 1678 1035 1711 Hunc
1059 1678 1191 1718 culpare
1216 1678 1348 1718 poteris.

176 1730 268 1764 Nihil
294 1731 412 1770 obstat,
438 1729 484 1762 nil
511 1728 653 1766 offendit,

179 1780 313 1812 Sursum
338 1778 440 1819 vadit,
467 1785 593 1810 sursum
619 1775 724 1808 tendit

224 1828 263 1860 In
288 1828 414 1868 signum
437 1825 602 1860 victoriae.

812 1746 866 1779 10.
892 1745 966 1779 Non
992 1746 1143 1785 desperes
1169 1745 1374 1786 trepidando,

890 1794 1082 1827 Perseveres
1109 1792 1310 1836 affirmando,

942 1842 1015 1876 Non
1041 1842 1154 1874 relicto
1181 1849 1315 1881 corpore

121 1900 151 1930 ὓ.
178 1894 278 1936 Virgo
302 1896 408 1927 mater
433 1893 596 1932 exaltaris,
894 1891 1004 1924 Mater
1028 1891 1106 1924 Jesu
1133 1890 1209 1930 quin
1233 1891 1398 1929 assumpta

180 1942 248 1977 Ubi
271 1942 358 1975 laeta
383 1940 610 1982 contemplaris
896 1938 945 1972 Sit
969 1938 1004 1971 in
1029 1939 1149 1971 coelum
1175 1940 1250 1969 nato
1273 1938 1385 1977 juncta

229 1991 428 2031 Regnantem
453 1989 486 2022 111
513 1989 615 2031 gloria
945 1986 1064 2020 Vivens
1089 1986 1159 2019 sine
1182 1988 1336 2026 tempore.

182 2039 228 2073 Et
255 2047 452 2079 conregnans
479 2036 686 2079 conregnauti

187 2086 385 2122 consedebis
409 2086 579 2127 judicanti,

232 2135 331 2176 Virgo
356 2135 454 2175 plena
478 2134 592 2176 gratia.

816 2056 870 2090 11.
898 2055 964 2089 Ubi
988 2055 1093 2095 natus,
1120 2053 1181 2085 sibi
1207 2055 1310 2085 mater

897 2103 1076 2137 Trabeatus
1103 2104 1152 2134 est
1177 2103 1209 2133 et
1232 2104 1325 2141 pater

946 2152 1045 2184 Sacro
1073 2159 1142 2183 cum
1168 2149 1352 2193 spiramine,

120 2207 154 2239 6.
181 2204 288 2238 Carne
312 2212 372 2236 sua
394 2212 459 2236 non
485 2203 673 2241 consumpta
897 2199 1044 2234 Solidata
1068 2207 1165 2231 carne
1188 2207 1282 2241 pura,

186 2252 283 2293 Virgo
309 2254 414 2284 mater
439 2253 486 2284 est
512 2253 676 2290 assumpta
898 2248 997 2281 Verbi
1022 2247 1125 2288 patris
1149 2247 1304 2289 genitura,

232 2302 364 2341 Integre
387 2300 530 2341 realiter,
944 2295 1069 2330 Munda
1096 2304 1154 2328 nos
1179 2304 1200 2327 a
1224 2295 1365 2329 crimine.

188 2350 353 2383 collocata
376 2357 474 2389 super
500 2350 624 2387 cuncta,
896 2345 1073 2385 Erubesce,
1101 2344 1319 2385 contremisce,

182 2397 279 2431 Dulci
305 2400 381 2431 nato
408 2396 513 2429 dulcis
536 2396 659 2436 juncta,
898 2394 959 2434 Qui
988 2402 1052 2426 non
1078 2392 1195 2432 credis,
1220 2395 1355 2425 matrem
1373 2402 1443 2426 esse

231 2447 319 2480 Tene
340 2446 388 2479 616
413 2455 477 2479 11611
503 2444 608 2478 aliter.
945 2444 1152 2482 Assumptam
1180 2450 1250 2473 cum
1276 2450 1420 2483 corpore.
