1655 2669
702 151 959 186 —213—

174 244 206 278 3.
230 243 310 276 Cum
334 243 413 277 Jesu
437 246 612 280 recubuisti

236 291 340 332 Super
363 296 487 336 pectus,
515 295 645 328 ebibisti

278 340 376 373 Dicta
401 344 596 384 evangelica,

231 387 317 420 Dum
341 389 376 421 in
400 391 554 424 Pathmos
578 392 746 433 relegariS,

230 436 284 468 Ad
310 446 450 477 superna
474 439 663 480 sublevaris,

279 483 513 527 Contemplaris
537 488 684 528 mystica.

231 533 427 576 Praeelecte,
453 537 489 567 tu
515 536 648 577 dignare

231 579 432 614 Delictorum
456 583 634 624 impetrare

276 629 361 662 Mihi
387 630 506 663 Christi
530 632 666 672 veniam,

230 676 277 709 Ut
300 677 348 709 sic
371 679 492 719 possim
516 681 678 721 respirare

230 724 275 756 Et
299 734 448 759 excessus
474 729 646 761 emendare

279 772 436 815 Consequi
462 778 497 807 et
522 777 667 817 gratiam.

868 251 901 284 4.
928 251 953 283 O
980 249 1056 283 felix
1084 250 1287 294 evangelista,

926 298 1008 331 Mihi
1031 299 1150 340 J'ugiter
1172 298 1206 330 in
1229 298 1293 330 ista

972 347 1135 379 Aerumna
1158 346 1347 389 subvenias3

925 393 1014 427 Sicut
1038 398 1172 427 matrem
1197 395 1218 428 J
1220 403 1275 426 esu
1299 393 1418 426 Christi

924 443 1184 476 Commendatam
1210 442 1386 485 custodisti,

971 491 1091 523 Precor
1115 499 1166 522 me
1192 490 1362 524 custodias

925 537 1043 571 Confer
1067 540 1153 571 vitae
1177 538 1388 578 sanctitatem,

924 585 1074 626 Corporis
1100 586 1143 619 da
1166 587 1334 619 sanitatem

971 634 1017 666 Et
1043 635 1151 676 quieta
1172 637 1328 675 tempora,

923 681 1026 714 Aufer
1051 683 1157 715 cordis
1182 683 1385 725 pravitatem,

922 730 1029 771 Purga
1051 731 1179 770 linguae
1203 730 1401 772 foeditatem,

967 778 1024 810 Me
1047 779 1249 819 languentem
1274 779 1399 812 robora.

510 834 540 867 5.
567 834 592 867 Ο
617 835 759 875 lucerna,
785 833 843 867 flos
869 835 1033 880 virtutum,

561 882 685 915 Ductor
711 891 843 915 cernens
867 883 930 915 iter
954 887 1067 925 tutum,

613 930 715 964 Stella
738 931 848 963 lucens
874 932 1012 973 saeculo,

564 978 667 1011 Jubar
690 981 766 1011 tuae
791 980 947 1012 claritatis

562 1027 619 1059 Me
645 1025 800 1059 defendat
824 1037 843 1059 a
867 1028 1020 1070 peccatis,

610 1075 719 1107 Tollat
741 1075 781 1107 ab
806 1077 977 1116 ergastule.

561 1123 657 1156 Vitae
679 1131 770 1154 meae
795 1132 870 1164 rege
895 1132 1032 1166 cursum,

561 1172 641 1204 Post
664 1170 747 1203 hanc
771 1171 870 1203 vitam
894 1172 988 1203 trahe
1011 1180 1137 1205 sursum

610 1219 761 1252 Animam
786 1219 829 1251 ad
854 1220 981 1263 gaudia,

563 1266 629 1300 Ubi
652 1266 757 1298 Deum
782 1268 1002 1311 contemplari,

563 1316 584 1349 J
584 1315 665 1348 ustis
691 1315 745 1359 pie
770 1316 887 1348 sociari

609 1362 739 1396 Merear
762 1363 796 1395 in
821 1364 934 1404 gloria.

240 1427 328 1456 Scala
353 1428 429 1456 coeli
455 1437 531 1457 sace.
559 1427 602 1457 14.
629 1437 672 1457 ex.
695 1429 765 1457 Cod.
786 1427 865 1465 Prag
866 1438 910 1457 cn
937 1430 1013 1457 XHI
1045 1427 1107 1459 E&

1117 1430 1180 1457 A.
1200 1446 1239 1449 —
1259 1430 1340 1458 Oimat
1357 1439 1410 1457 ms.
1430 1431 1490 1458 Te-

159 1467 299 1503 garinum
324 1475 401 1494 s.aee
424 1465 468 1494 15.
496 1467 569 1495 Clm.
590 1466 747 1496 Monacen.
773 1437 874 1495 20002
893 1468 927 1495 B.
957 1483 996 1488 —
1022 1469 1102 1497 Orat.
1134 1477 1186 1495 ms.
1207 1468 1396 1496 Lehninense
1416 1470 1488 1496 anni

159 1476 246 1533 1518.
270 1505 340 1533 Cod.
366 1506 533 1534 Berolinen.
560 1507 612 1535 IV.
639 1503 685 1534 29.
712 1506 743 1533 C.
773 1520 809 1524 —
832 1506 921 1534 Orat
949 1515 1002 1534 ms.
1024 1507 1186 1544 Campense
1215 1508 1286 1534 anni
1314 1505 1397 1535 1462.
1418 1506 1490 1535 Cod.

161 1544 380 1572 Dal-instadien.
402 1542 467 1572 521.
489 1545 528 1572 D.

611 1637 675 1670 190.
715 1637 759 1669 De
778 1638 886 1670 sancto
907 1638 1034 1680 Joseph.

164 1711 196 1743 1.
223 1708 347 1749 Gaude,
374 1709 509 1750 Joseph‚
535 1708 584 1742 fili
606 1708 725 1752 David,

224 1757 312 1790 Deus
339 1758 426 1798 quod
452 1757 652 1799 dignificavit

224 1806 272 1838 Te
296 1806 398 1847 regali
422 1807 586 1849 prosapia,

223 1854 303 1887 Orta
327 1864 390 1895 qua
414 1854 476 1887 fuit
500 1855 617 1888 Maria.

163 1915 195 1946 2.
224 1911 348 1954 Gaude,
374 1912 436 1945 tibi
461 1922 524 1946 non
548 1915 709 1954 negatum,

225 1961 317 2001 Quod
342 1960 481 1993 Johanni
507 1964 556 1994 est
583 1962 744 2001 collatum,

221 2009 312 2042 Intra
335 2009 448 2042 matris
474 2019 550 2042 suae
574 2012 719 2043 ventrem

222 2057 374 2090 Sanctam
399 2066 469 2090 esse
493 2068 584 2091 suam
606 2061 759 2092 mentem.

162 2118 193 2151 3.
222 2114 347 2157 Gaude,
376 2116 525 2157 virginali
556 2115 645 2159 flore,

225 2165 293 2205 Quo
318 2164 444 2198 nitebas
470 2174 509 2197 ac
534 2165 650 2198 decore

221 2213 370 2246 Omnium
395 2213 549 2247 virtutum
577 2214 673 2254 clare,

218 2263 297 2304 Fac,
324 2262 368 2294 mi
393 2262 526 2303 Joseph,
553 2264 586 2294 te
610 2270 735 2296 amare.

158 2324 192 2357 4.
220 2319 344 2362 Gaude,
371 2320 459 2353 Deus
485 2321 571 2362 quod
595 2320 747 2362 probavit

216 2369 359 2410 Dignum
383 2372 416 2401 te
442 2372 475 2401 et
500 2369 741 2411 demonstravit,

218 2417 276 2451 Cui
301 2418 442 2451 Mariam
467 2419 642 2459 copularet,

221 2468 387 2509 Virginem
412 2467 467 2509 qui
493 2470 525 2499 et
549 2470 704 2501 servaret.

862 1710 894 1742 5.
922 1709 1044 1750 Gaude,
1071 1709 1157 1751 quod
1181 1712 1215 1741 te
1239 1710 1396 1751 reputasti

860 1912 890 1946 6.

857 2321 889 2354 8.

919 1757 965 1790 Ut
987 1758 1164 1801 indignum,
1190 1759 1345 1791 recusasti

922 1805 999 1838 Cum
1024 1807 1135 1847 regina
1159 1807 1343 1847 angelorum

920 1853 1061 1895 Copulae
1084 1854 1193 1887 subire
1217 1855 1354 1889 thorum.

920 1911 1041 1952 Gaude,
1068 1912 1129 1945 tibi
1154 1913 1239 1953 quod
1264 1913 1371 1945 illuxit

915 1961 1068 2005 Angelus,
1098 1960 1151 2001 qui
1177 1963 1210 1993 et
1230 1961 1359 1994 induxit

918 2009 965 2041 Te
989 2010 1136 2050 accipere
1162 2010 1336 2051 conjugem,

916 2057 1055 2090 Mariam
1079 2066 1206 2098 semper
1232 2059 1396 2100 virginem.

886 2143 893 2149 .
921 2115 1044 2157 Gaude,
1073 2116 1122 2149 cui
1148 2114 1335 2149 famulatum

918 2164 962 2196 Et
985 2165 1019 2196 in
1044 2164 1231 2198 Bethlehem
1260 2166 1409 2199 ducatum

917 2213 1113 2246 Praestitisti
1134 2217 1242 2246 mente
1265 2214 1330 2256 pia,

917 2261 983 2295 Ubi
1005 2262 1134 2303 peperit
1156 2262 1273 2295 Maria.

918 2318 1041 2364 Gaude,
1069 2321 1157 2354 cultu
1182 2322 1266 2362 quod
1292 2322 1407 2356 latriae

915 2369 1068 2402 Primitus
1092 2378 1200 2410 regem
1224 2371 1345 2412 gloriae

911 2418 1076 2460 Adorasti,
1103 2418 1264 2452 solotenus

914 2467 976 2499 Pro
1003 2468 1094 2500 nobis
1119 2468 1251 2501 missum
1278 2470 1422 2504 coelitus.
