1653 2668
669 131 929 170 4172-

152 236 209 269 13.
234 234 350 267 Omnes
374 234 481 265 coetus
507 232 653 273 angelici,

240 281 325 313 Voce
350 281 486 320 deposco
512 279 659 319 supplici,

236 328 282 361 Ut
303 329 337 360 in
363 329 532 367 conspectu
555 325 683 358 Domini

234 375 353 407 Juvare
377 383 427 405 me
452 373 634 414 dignemini.

153 434 207 466 14.
236 431 313 464 Cum
336 433 485 472 peccator
509 430 712 468 convertitur,

232 480 278 513 Ut
301 477 468 510 manifeste
491 477 617 518 legitur,

234 526 285 558 De
309 527 376 565 ejus
401 525 596 564 poenitentia

236 573 334 605 Vobis
360 572 421 603 erit
444 571 578 605 laetitia.

156 632 209 664 15.
236 629 289 661 Sic
311 637 384 668 ergo
410 631 442 660 et
465 637 521 661 vos
546 629 631 669 agite

233 677 295 708 Pro
318 684 370 707 me
393 676 441 707 sic
462 676 663 714 intercedite,

234 723 281 756 Ut
302 722 379 755 mihi
403 723 445 755 sit
469 723 602 755 salvatio

232 770 277 802 Et
300 770 390 803 vobis
415 771 595 804 exsultatio.

155 829 209 861 16,
233 826 447 860 Emundatum
472 837 493 859 a
515 827 664 860 sordibus

235 873 353 906 Ornate
376 883 427 906 me
449 874 631 915 virtutibus,

233 922 280 954 Ut
304 921 388 954 omni
411 922 603 954 rectitudine

234 969 349 1001 Vestro
371 967 480 1001 firmer
501 969 672 1008 juvamine.

832 230 889 265 17.
915 229 969 263 Ad
992 231 1110 261 metam
1133 236 1206 259 cum
1229 234 1417 268 pervenere,

916 277 1015 316 Quam
1039 276 1219 316 transgredi
1244 283 1307 306 non
1331 276 1454 314 potero,

911 324 963 357 Ibi
987 319 1065 355 mihi
1089 322 1264 356 succurrite

912 372 958 404 Et
978 371 1095 411 procul
1117 370 1224 402 hostes
1249 368 1370 410 pellite.

831 429 885 462 18.
912 430 975 462 Per
1000 436 1057 460 vos
1082 427 1192 467 regina
1216 425 1347 467 gloriae,

911 475 1018 509 Mater
1042 475 1290 512 misericordiae,

913 524 1000 563 Quae
1024 526 1139 563 potens
1166 525 1215 554 est
1239 524 1272 552 et
1293 519 1436 559 humilis,

912 570 988 603 Fiat
1011 570 1091 602 mihi
1114 569 1292 609 placabilis.

832 628 886 660 19.
911 629 1006 662 Hane
1029 627 1188 667 placando
1212 626 1360 666 poteritis

913 674 1076 716 Obtinere,
1102 683 1183 714 quae
1206 673 1329 714 petitis,

912 723 958 755 Et
982 722 1049 761 ejus
1073 730 1125 754 me
1150 721 1290 762 dignatio

914 769 1059 802 Salvabit
1083 768 1203 809 absque
1229 767 1336 801 dubio.

831 828 888 859 20.
912 827 1024 859 Honor
1049 830 1083 858 et
1103 825 1284 858 benedictio

914 874 994 906 Tam
1017 882 1119 914 purae
1141 873 1253 905 matris
1278 871 1355 912 filio,

915 922 1075 961 Regnanti
1099 921 1169 952 sine
1192 920 1328 952 termino

916 969 966 1001 Sit
988 970 1172 1009 angelorum
1196 968 1343 1001 Domino.

228 1032 316 1060 Scala
342 1033 417 1061 coeli
441 1042 516 1061 saec.
545 1032 589 1061 14.
618 1043 661 1061 ex.
689 1032 758 1061 cod.
786 1033 910 1069 Pragen.
936 1033 1012 1061 XIH
1037 1034 1065 1061 E
1092 1030 1118 1062 3.
1145 1033 1180 1060 A.
1208 1048 1245 1051 —
1271 1032 1341 1060 Cod.
1361 1031 1457 1059 Palut.

153 1071 353 1099 vindobonen.
379 1069 463 1099 4076.
492 1079 567 1099 saec.
590 1070 633 1099 15.
653 1071 686 1098 Β.
713 1086 750 1090 -
779 1071 848 1100 Cod.
875 1072 972 1099 Palat.
992 1072 1158 1100 vindobon.
1186 1068 1262 1099 4089
1283 1072 1353 1097 anni
1374 1067 1457 1098 1460.

154 1109 184 1137 C.
209 1123 247 1127 —
274 1109 352 1137 Orat.
377 1118 432 1136 ms.
458 1110 637 1144 Tegurinum
663 1117 739 1136 saec.
767 1108 811 1137 15.
839 1109 911 1136 Clm.
936 1109 1090 1137 Monacen.
1116 1106 1225 1137 20123.
1245 1109 1283 1137 D.
1309 1123 1348 1127 ——
1377 1108 1457 1136 Orat.

154 1156 192 1175 ms
226 1147 404 1181 Tegurinum
423 1156 499 1175 saec.
522 1145 565 1174 15.
587 1148 658 1175 Uim.
678 1147 832 1175 Monacen.
855 1145 889 1175 19
898 1145 963 1176 363.
982 1147 1018 1174 E.
1039 1163 1075 1167 —
1097 1147 1177 1175 Orat.
1197 1156 1250 1175 ms.
1270 1145 1458 1174 Lehnincnse

154 1185 224 1212 anni
247 1182 328 1212 1518.
348 1184 417 1212 Cod.
438 1185 602 1213 Berolinen.
623 1185 678 1213 IV0
697 1183 742 1213 29.
762 1186 795 1213 F.

228 1220 258 1255 2,
284 1221 304 1249 4
322 1223 385 1250 Nec
409 1231 427 1250 a
452 1223 537 1251 vobis
557 1223 591 1249 B.
616 1238 654 1243 —
673 1221 706 1257 4,
733 1222 753 1250 4
773 1224 881 1252 Contra
901 1224 1015 1251 hostem
1034 1223 1068 1250 A.
1088 1237 1127 1242 -—
1146 1221 1178 1257 6,
1207 1221 1225 1251 3
1244 1223 1311 1251 Tua
1329 1223 1460 1258 praestet

154 1261 310 1288 clement-ia
328 1260 362 1287 B.
383 1275 420 1279 —-
439 1260 466 1296 7,
488 1259 506 1288 2
522 1260 649 1296 Aegi-eto
665 1269 835 1289 succurrens
855 1261 968 1289 homini
983 1260 1041 1288 OD.
1062 1277 1099 1281 —-
1120 1260 1145 1295 7,
1170 1259 1188 1289 3
1203 1261 1226 1289 O
1241 1260 1315 1288 fehlt:
1333 1262 1365 1288 in
1379 1259 1459 1288 allen

154 1299 223 1326 Ην.
242 1312 280 1316 -
300 1297 332 1331 7,
352 1296 372 1325 4
389 1299 439 1326 Me
458 1302 510 1326 tua
529 1302 614 1326 sanet
632 1299 695 1326 AD.
716 1313 755 1317 —
774 1297 806 1334 8,
830 1296 847 1326 3
868 1302 944 1327 retro
965 1299 1081 1334 lapsum
1100 1298 1135 1326 A.
1158 1315 1196 1319 —
1216 1297 1248 1334 9,
1270 1296 1287 1326 3
1309 1299 1366 1333 Qui
1387 1297 1459 1325 mihi

154 1345 206 1371 pro
229 1336 264 1362 A.
285 1351 321 1355 —
341 1335 367 1370 9,
387 1335 407 1363 4
424 1336 460 1364 In
478 1338 618 1372 baptismi
637 1337 722 1364 datus
743 1340 788 1365 est
806 1338 903 1373 gratia
921 1338 956 1365 A.
971 1351 1007 1355 —
1024 1335 1068 1370 10,
1090 1335 1107 1364 2
1121 1337 1189 1364 Mea
1209 1337 1357 1365 desideria
1369 1337 1405 1363 A.
1421 1350 1458 1354 -

157 1372 199 1409 10,
219 1372 239 1400 4
257 1374 318 1401 Nee
338 1374 477 1402 honorem
496 1373 553 1402 BC.
567 1389 604 1393 —
621 1373 663 1407 11,
686 1373 701 1402 1
715 1375 801 1403 Nunc
819 1376 1013 1403 revertentem
1025 1373 1082 1403 BC.
1098 1389 1135 1394 —
1150 1373 1194 1409 11,
1214 1374 1234 1403 4
1253 1383 1357 1411 regnes
1374 1375 1407 1402 A.
1421 1389 1459 1393 ——

156 1410 199 1446 12,
220 1409 238 1438 2
256 1412 388 1448 Benigne
407 1420 509 1447 precor
529 1412 645 1440 domine
666 1412 700 1440 A.
720 1429 759 1434 --
780 1410 824 1447 12,
845 1410 863 1440 3
879 1413 1032 1447 juvamine
1050 1414 1108 1441 BC.
1128 1428 1167 1432 ——
1186 1411 1229 1446 13,
1249 1411 1270 1440 4
1288 1413 1338 1440 Me
1353 1413 1458 1448 juvare

155 1450 188 1477 B.
222 1465 252 1469 ἡ
277 1447 326 1483 14,
354 1447 369 1477 1
393 1450 489 1478 Malus
516 1458 582 1477 eum
607 1452 773 1479 converitur
797 1451 832 1478 A.
860 1465 896 1470 —
923 1450 972 1485 14,
999 1449 1016 1477 2
1043 1451 1086 1479 Ut.
1110 1454 1210 1487 aperte
1238 1452 1346 1487 legitur
1366 1451 1401 1478 A.
1425 1464 1459 1468 —

157 1486 207 1521 14,
246 1508 250 1513 ,
273 1488 369 1523 Hujus
394 1487 430 1515 de
448 1489 631 1523 pcenitentia
649 1489 683 1517 A.
703 1504 742 1509 —
763 1488 811 1522 14,
838 1487 859 1516 4
879 1490 972 1517 Vobis
994 1492 1039 1517 est
1061 1489 1097 1517 A.
1117 1505 1156 1509 -
1178 1487 1226 1523 15,
1255 1487 1270 1515 1
1292 1497 1360 1525 ergo
1381 1495 1460 1516 nune

153 1534 206 1553 vos
226 1525 260 1552 A.
280 1539 318 1544 —
341 1523 386 1559 15,
412 1523 430 1552 2
449 1526 490 1554 Et
508 1535 560 1562 pro
579 1535 627 1555 me
646 1527 816 1555 intercedite
836 1528 870 1555 A.
890 1543 930 1547 —
949 1524 999 1561 16,
1020 1525 1038 1555 3
1057 1527 1100 1555 Ut
1118 1526 1171 1554 fiat
1191 1527 1346 1555 exsultatio
1366 1527 1401 1554 A.
1422 1540 1460 1544 --

156 1561 207 1598 16,
227 1561 247 1591 4
265 1563 356 1591 Vobis
376 1572 443 1591 mea
462 1565 586 1592 salvatio
607 1565 642 1593 A.
663 1581 700 1585 —
722 1564 770 1599 19,
793 1564 807 1593 1
829 1565 944 1601 placare
965 1565 998 1592 B.
1019 1580 1056 1585 —
1078 1562 1122 1600 19,
1143 1563 1161 1592 2
1181 1565 1345 1593 obtinendo
1367 1565 1401 1592 Β.
1422 1579 1459 1583 -

156 1599 202 1636 20,
226 1599 240 1627 1
261 1601 363 1630 Gloria
382 1602 545 1630 benedictio
565 1603 601 1630 A.

589 1751 649 1784 137.
687 1752 732 1783 De
751 1752 867 1785 sanctis
886 1753 1026 1794 Angelis.

159 1859 189 1892 1.
215 1859 360 1899 Angelici
385 1860 516 1900 spiritus

264 1915 370 1939 omnes
389 1916 407 1939 o
431 1907 528 1947 beati,

215 1953 337 1986 Novem
360 1956 394 1987 in
418 1955 583 1988 ordinibus

261 2002 342 2034 mire
365 2002 519 2046 collocati,

160 2060 193 2092 2.
217 2058 391 2091 Ruentibus
415 2059 561 2099 plurimis

263 2108 332 2138 tute
355 2107 565 2147 praeservati,

218 2152 317 2185 Nobis
341 2155 375 2186 in
399 2155 550 2187 auxilium

266 2203 365 2233 estote
387 2204 503 2241 parati.

162 2257 192 2290 3.
218 2255 262 2288 Et
285 2258 357 2297 quia
382 2260 547 2292 clementia

265 2313 320 2336 vos
345 2307 413 2338 sola
435 2307 543 2341 divina

220 2351 270 2383 Ab
295 2352 355 2385 hac
379 2356 556 2394 apostatica

267 2401 405 2433 servavit
429 2403 528 2441 ruina,

835 1862 868 1894 4.
894 1861 1012 1894 Merito
1038 1870 1096 1901 pro
1121 1862 1225 1901 gratia

942 1911 1033 1941 tanta
1058 1909 1194 1941 creatori

893 1957 939 1989 Et
961 1959 1067 1989 vestro
1092 1958 1126 1989 in
1148 1957 1250 1997 gloria

940 2003 1031 2036 fideli
1053 2004 1153 2036 tutori

839 2063 869 2094 5.
896 2061 985 2094 Estis
1008 2061 1043 2093 in
1065 2064 1255 2102 perpetuum

943 2108 1012 2141 sine
1036 2108 1100 2142 fine
1123 2110 1206 2149 grati

894 2157 940 2189 Et
962 2156 996 2188 in
1020 2156 1203 2191 innocentia

943 2205 990 2236 ita
1014 2204 1203 2246 confirmati,

839 2263 870 2295 6.
897 2261 987 2302 Quod
1011 2271 1145 2302 peccare
1166 2264 1296 2295 minime

944 2309 1040 2343 vultis
1065 2319 1125 2343 nec
1148 2311 1294 2351 potestis,

898 2358 1009 2390 Securi
1035 2359 1075 2391 de
1099 2359 1202 2400 gloria

947 2407 1053 2438 vestra.
1077 2416 1204 2447 semper
1229 2407 1317 2441 estis.
