1653 2668
199 244 240 277 12

196 548 250 581 13.

193 851 246 883 14.

190 1740 240 1771 16.

192 2035 245 2066 17.

189 2330 231 2362 18

730 140 965 175 „86-

246 271 252 276 .
280 241 354 274 Noli
378 240 451 281 fari,
478 240 563 280 quod
586 239 729 278 ingratus

281 289 376 321 Dulei
401 288 496 321 matri
519 286 577 320 fiat
599 288 703 325 natus,

325 338 423 377 Quem
446 335 578 368 lactavit
600 333 708 372 ubere,

280 384 375 424 Cujus
401 384 490 416 alvus
515 382 599 414 hunc
623 381 772 422 portavit,

276 433 341 471 Quo
359 431 395 464 fit
412 431 528 469 salvus,
546 437 637 470 quem
653 427 816 460 damnavit

324 478 448 519 Lapsus
474 477 563 509 Evae
586 476 731 508 miserae.

276 546 338 578 Dic
362 549 396 577 tu
420 544 506 583 mihi,
532 552 608 583 rogo
633 542 696 582 pie,

278 593 342 626 Ubi
368 600 481 632 corpus
507 590 550 622 sit
572 590 698 623 Mariae

322 639 497 680 Sepulchro
524 647 586 670 non
610 638 772 669 inventum
782 635 798 667 ‘s

275 687 309 719 Si
334 690 368 719 tu
395 686 481 725 dicis,
512 685 597 724 quod
622 685 761 716 ablatum

276 737 305 767 A
330 733 462 766 Judaeis
487 740 547 764 nec
572 732 717 770 relatum,

323 781 374 813 Ab
402 781 446 813 eis
471 780 513 811 sit
538 782 713 819 retentum;

274 848 376 887 Certe,
404 847 485 886 dico,
511 855 573 879 non
600 849 646 877 est
672 854 790 884 verum,

274 895 430 927 Coronata
454 896 542 925 tenet
566 894 687 925 coelum

322 942 420 974 Juxta
443 941 509 973 nati
534 941 708 979 brachium,

274 991 310 1022 In
336 990 461 1022 excelso
486 989 600 1021 throno
624 989 696 1026 sita,

273 1037 390 1070 Natum
416 1037 522 1068 colens
548 1038 595 1067 est
620 1036 652 1068 in
678 1036 745 1068 vita

319 1084 467 1117 Paradisi
492 1085 615 1115 ostium.

276 1151 363 1189 Quod
390 1150 437 1181 sic
461 1149 561 1189 probo
587 1150 710 1181 ratione

272 1198 315 1230 Et
339 1200 451 1237 aperta
471 1198 633 1229 sanctione

318 1244 428 1277 Potest
454 1242 627 1278 verificari:

272 1292 386 1324 Nonne
411 1292 499 1323 vides
524 1291 556 1323 in
582 1292 642 1323 hac
668 1292 733 1323 vita

273 1339 384 1371 Multis
410 1338 491 1370 fucis
517 1340 661 1378 polimita

318 1387 347 1418 A
372 1387 455 1418 natis
480 1386 628 1418 honorari

273 1435 410 1467 Patrem.
437 1436 568 1465 matrem
595 1438 779 1466 reverenter

274 1481 461 1522 Diligenter,
489 1482 680 1513 excellenter

318 1529 369 1560 Ab
397 1529 441 1560 eis
466 1528 664 1563 ministrari?

272 1576 356 1616 Ergo
382 1576 476 1607 matri
502 1577 604 1608 minus
630 1579 733 1616 gratus

272 1623 340 1655 Non
369 1625 407 1656 de
428 1628 500 1662 jure
525 1622 580 1655 fiet
604 1627 696 1655 natus

320 1672 434 1703 Altrici
461 1671 622 1710 singulari.

269 1738 328 1769 Est
354 1740 516 1777 assumpta
543 1739 630 1778 virga
654 1739 755 1780 Jesse,

271 1785 318 1816 De
344 1794 405 1825 qua
429 1785 514 1817 vitae
539 1783 607 1816 fluit
634 1794 703 1817 esse

317 1833 434 1864 Anima
459 1834 491 1863 et
516 1842 666 1873 corpore3

269 1880 366 1912 Fides
393 1882 479 1912 tenet
505 1880 551 1911 sic
575 1880 730 1921 professe,

273 1929 361 1968 Quod
388 1926 512 1959 affirmo
539 1936 647 1961 verum
673 1937 751 1963 esse.

319 1975 393 2008 Nati
419 1974 501 2007 fulta
523 1975 648 2013 robore,

272 2033 401 2065 Transit
426 2032 466 2063 ad
492 2033 622 2064 aethera

271 2080 368 2119 Virgo
393 2088 562 2119 puerpera,

318 2128 447 2168 Virgula
473 2126 573 2169 Jesse‚

267 2175 337 2207 Non
362 2184 430 2207 sine
456 2183 599 2216 corpore,

272 2222 336 2255 Sed
362 2223 431 2254 sine
455 2225 598 2262 tempore

320 2269 439 2302 Tendit
464 2270 504 2301 ad
531 2280 612 2305 esse.

237 2355 242 2362 .
270 2328 353 2360 Vere
377 2328 453 2368 scio,
481 2335 554 2358 vere
580 2328 686 2366 credo,

270 2376 359 2415 Quod
384 2375 417 2406 in
443 2383 537 2406 carue
561 2384 623 2407 non
648 2377 786 2415 putredo

316 2421 365 2454 Sit
387 2421 512 2454 Mariae
536 2423 679 2463 virginis,

879 398 931 432 19.

873 845 928 880 20.

873 1150 927 1183 21.

869 1454 924 1487 22.

872 1748 926 1782 23.

868 2188 924 2220 24.

958 236 1008 269 De
1033 244 1095 275 qua
1118 238 1211 268 natus
1237 237 1286 267 est
1312 234 1450 268 dulcedo

959 284 1045 316 Deus
1070 282 1164 316 homo
1189 284 1258 315 sine
1283 281 1378 315 foedo

1007 331 1144 363 Foetore
1169 330 1359 371 putredinis,

960 399 1038 432 Cum
1063 400 1245 429 sanctorum
1273 397 1442 429 visitantur

957 446 1045 478 Loca
1070 444 1160 477 donis
1186 448 1219 476 et
1245 444 1397 485 ditantur,

1004 492 1051 525 Ut
1075 495 1187 532 aperte
1213 492 1364 531 cernitur,

959 541 983 574 Ο
1010 540 1086 581 quid
1114 540 1226 581 dicam,
1255 538 1283 571 si
1307 539 1434 572 Mariae

958 588 1079 621 Terrae
1106 587 1214 619 datum
1240 587 1351 618 matris
1377 586 1452 626 piae

1007 635 1130 674 Corpus
1156 635 1199 666 sit
1223 642 1284 665 nec
1308 634 1433 666 colitur.

955 683 1095 716 Matrem
1120 685 1241 722 natum,
1280 681 1309 713 si
1334 682 1381 713 sic
1407 684 1501 721 esset,

958 730 1189 770 Contempisse‚
1218 729 1283 761 dici
1304 731 1424 770 posset,

1004 777 1067 810 Sed
1091 777 1152 810 hoc
1168 786 1328 817 nunquam
1347 777 1498 808 creditur.

956 845 1036 878 Caro
1060 853 1197 884 namque
1221 843 1298 876 Jesu
1324 852 1400 876 cara

955 894 1015 926 Est
1040 891 1165 924 Mariae
1192 900 1264 923 caro
1292 892 1387 935 clara,

1002 940 1120 972 Matris
1145 939 1444 980 praedulcissimae3

954 988 1010 1020 Sic
1032 985 1175 1019 affirmat
1196 987 1405 1027 Augustinus,

954 1035 1041 1067 Fons
1066 1033 1233 1066 abundans
1259 1035 1450 1066 coelestinus

1000 1082 1177 1115 Doctrinae
1201 1082 1407 1114 clarissimae.

955 1145 1070 1182 Aulam
1098 1157 1222 1181 sacram
1253 1149 1441 1189 virginalem

954 1197 1024 1229 Rex
1049 1204 1179 1229 servare
1202 1196 1411 1229 maternalem

1003 1244 1081 1276 Cum
1106 1244 1229 1284 pudore
1254 1243 1366 1285 voluit,

952 1292 1039 1331 Ergo
1064 1295 1198 1323 matrem
1223 1291 1441 1331 incorruptam

952 1341 981 1371 A
1007 1338 1132 1371 foetore
1156 1339 1218 1371 sibi
1244 1342 1376 1378 nuptam

1002 1386 1171 1419 Custodire
1198 1386 1317 1420 debuit.

952 1453 1021 1486 Deo
1046 1453 1118 1485 lacu
1142 1454 1176 1485 in
1199 1454 1326 1485 leonum

953 1501 1120 1534 Danielem
1147 1510 1274 1534 servum
1296 1501 1414 1534 bonum

1002 1548 1200 1582 Conservare
1222 1549 1357 1588 placuit,

953 1596 1066 1628 Vestes
1090 1597 1188 1628 trium
1211 1605 1381 1636 puerorum

951 1645 989 1677 In
1014 1643 1146 1676 fornace
1172 1644 1350 1684 positorum

997 1691 1068 1723 Non
1095 1692 1237 1724 comburi
1262 1693 1415 1732 pertulit3

954 1749 1076 1781 Ventre
1102 1750 1163 1780 ceti
1187 1749 1291 1781 Jonae
1313 1750 1380 1782 vita

950 1796 1012 1829 Est
1034 1799 1184 1836 potenter
1210 1797 1371 1829 custodita

999 1843 1068 1876 Deo
1094 1845 1344 1885 placentissima‚

951 1892 1038 1932 Ergo
1063 1895 1166 1924 mater
1190 1892 1268 1924 Jesu
1293 1896 1383 1925 tanta

954 1939 1030 1971 Fari
1049 1944 1159 1979 posset
1176 1941 1351 1983 quisquam,
1379 1945 1495 1981 quanta

1001 1986 1113 2019 Laude
1138 1989 1180 2020 sit
1208 1988 1418 2029 dignissima*

953 2034 1026 2066 Nisi
1051 2036 1137 2074 quod
1162 2037 1206 2067 sit
1231 2036 1367 2077 elevata,

949 2082 1047 2114 Secus
1073 2087 1181 2115 natum
1210 2084 1366 2117 collocata

1001 2130 1144 2170 Corpore
1168 2135 1200 2163 et
1224 2132 1341 2168 anima,

952 2187 1076 2219 Nomen
1100 2190 1213 2221 matris
1237 2190 1319 2222 lucis
1346 2194 1465 2222 astrum

954 2234 1015 2266 Vel
1042 2236 1151 2269 odoris
1177 2237 1373 2270 alabastrum

998 2282 1100 2315 Sensu
1126 2286 1361 2327 suavissimum,

954 2331 1077 2371 Corpus
1103 2332 1174 2375 Dei,
1203 2333 1292 2365 verbi
1319 2337 1470 2374 castrum,

949 2378 1070 2411 Hortus
1085 2381 1222 2421 clausus,
1236 2382 1338 2420 patris
1349 2386 1498 2423 rastrum,

999 2427 1154 2460 Fructum
1181 2427 1287 2460 ferens
1313 2430 1480 2469 optimum.
