1653 2668
206 230 262 263 36.

205 646 261 679 37.

202 1061 257 1094 38.

196 1474 252 1507 39.

193 1890 249 1923 40.

189 2297 245 2331 41.

737 130 996 167 —119-

289 227 339 264 De
363 230 465 265 Jacob
490 240 567 264 nam
590 231 714 264 oritura

336 278 430 312 Nova
453 279 548 312 stella
575 281 784 321 praedicitur,

287 327 339 360 Ex
362 327 465 360 Israel
491 328 656 361 nascitura

336 375 436 416 Virga
460 376 552 409 uobis
579 377 768 418 ostenditur,

288 424 351 456 Per
377 433 471 465 quam
495 424 594 457 Moab
619 426 819 469 percutitur3

336 472 384 505 Te
407 473 594 514 praesignat
618 474 699 506 haec
722 473 835 516 figura,

290 520 341 553 De
366 530 429 562 qua
453 520 545 562 virga
568 522 759 562 producitur

339 569 485 602 Christus
510 570 648 602 mirante
671 574 797 605 natura.

289 642 360 680 Ista
384 646 479 679 stella
504 647 690 688 clarissima,

341 694 442 734 Quam
466 704 530 727 non
555 695 656 728 violat
678 694 797 736 radius,

291 741 380 774 Luce
402 743 509 775 nitens
533 743 714 784 purissima,

339 790 501 832 Crystallo
526 790 651 832 fulgens
677 791 804 833 clariuS,

289 839 337 871 Te
361 837 520 879 significat
544 839 661 880 verius,

335 886 434 928 Virgo
460 895 587 927 semper
613 887 800 928 castissima,

288 934 390 974 Quam
411 943 475 967 non
500 935 600 967 violat
624 934 708 967 filius

331 982 476 1015 Nascens
502 992 541 1015 ex
566 986 608 1025 te,
637 983 818 1023 purissima.

286 1057 485 1101 consurgens
511 1060 601 1101 virga
624 1059 741 1091 florida

334 1107 387 1140 Ex
412 1108 524 1148 Israel,
549 1107 738 1148 prophetice

285 1156 458 1197 Promissa,
485 1156 574 1197 virgo
599 1155 714 1196 nitida,

332 1204 460 1236 Diceris
485 1204 578 1245 virga
600 1204 745 1244 mystice,

284 1252 460 1293 Egrederis
487 1252 528 1284 de
552 1252 664 1284 radice

333 1301 435 1342 Jesse,
461 1303 575 1341 potens
601 1303 634 1332 et
658 1300 776 1341 valida,

281 1347 414 1380 Florem
439 1347 566 1389 profers
590 1348 726 1381 mirifice

327 1396 426 1437 Virgo
452 1399 619 1437 materque
643 1396 771 1438 gaudia.

281 1471 332 1508 Tu
357 1482 390 1505 es
416 1474 518 1514 virgo,
544 1476 579 1505 tu
604 1483 638 1506 es
663 1473 768 1514 stella,

327 1522 376 1554 Tu
402 1531 436 1554 es
460 1522 583 1562 gratiae
606 1520 731 1562 fluvius,

280 1569 421 1602 Deitatis
446 1570 567 1602 munda
592 1570 683 1609 cella,

329 1618 490 1659 Genitrix,
518 1618 607 1659 cujus
631 1617 717 1650 filius

279 1666 358 1699 Flos
386 1667 505 1699 dicitur
528 1669 561 1698 et
584 1666 695 1699 radius

331 1715 483 1749 Caritatis
510 1713 648 1747 fundens
673 1715 779 1756 mella,

283 1763 379 1796 Coelo
405 1764 516 1796 lucens
542 1763 699 1806 superius,

322 1811 481 1845 Mundum
495 1820 627 1845 servans
641 1821 661 1844 a
672 1812 826 1852 procella.

282 1886 364 1930 Ave,
391 1889 493 1930 virgo,
522 1888 661 1921 fertilior

326 1937 495 1971 Universis
520 1937 701 1979 arboribus,

279 1986 360 2026 Ave,
387 1986 493 2027 stella,
523 1985 677 2027 fulgidior

327 2034 496 2068 Universis
522 2034 693 2076 sideribus,

276 2082 396 2124 Factis,
425 2083 529 2124 dictis,
557 2083 707 2124 operibus

320 2131 490 2164 Universis
515 2133 732 2172 praestantior

278 2179 453 2221 Creaturis,
479 2180 661 2213 hominibus

326 2228 439 2261 Custos
467 2231 499 2261 et
524 2228 612 2269 quies
637 2229 745 2262 tutior.

274 2294 325 2331 Tu
352 2295 515 2329 Gedeonis
543 2296 653 2330 rorida

323 2345 454 2379 Concha
480 2345 626 2378 coelestis
654 2346 780 2389 diceris,

272 2394 360 2427 Rore
381 2402 515 2426 manens
541 2396 573 2426 et
596 2393 713 2428 florida

319 2442 412 2476 Lana
438 2451 621 2484 compressa
645 2444 785 2487 velleris,

895 456 951 488 42.

893 869 949 902 43.

890 1281 945 1315 44.

888 1695 944 1729 45.

886 2105 942 2138 46.

979 232 1090 266 Divini
1116 233 1197 265 dono
1221 231 1362 264 muneris

1025 282 1075 314 Tu
1091 288 1217 321 semper
1232 289 1363 313 manens
1379 279 1521 321 madida,

979 330 1133 362 Solatium
1160 328 1217 361 das
1242 328 1379 370 miseris,

1026 377 1091 411 Sed
1113 381 1202 410 terra
1224 379 1332 410 manet
1356 377 1458 410 arida.

977 452 1083 488 Verus
1110 453 1254 487 coelestis
1278 453 1406 486 luminis

1026 503 1128 536 Tuam
1154 502 1305 534 concham
1328 502 1506 535 munditiae

978 551 1044 584 Ros
1070 550 1217 592 replevit,
1245 551 1319 583 dum
1344 550 1482 582 numinis

1026 600 1118 633 Sacri
1139 607 1270 631 munere
1294 598 1418 640 gratiae

978 647 1079 680 Plena
1098 647 1175 680 solis
1197 647 1342 687 justitiae

1024 696 1132 728 Mater
1154 694 1215 727 Dei
1241 697 1273 727 et
1295 695 1432 728 hominis

978 743 1045 785 Fis,
1071 742 1150 777 flore
1175 743 1351 783 pudicitiae

1025 792 1171 825 Vernaus
1196 792 1309 824 matris
1327 794 1360 824 et
1375 792 1518 833 virginis.

975 865 1129 909 Implevit
1150 868 1277 901 domum
1302 869 1432 901 Domini

1023 916 1159 957 Superni
1183 917 1268 957 regis
1293 917 1396 958 gloria

976 964 1039 997 Suo
1065 967 1192 998 sacrata
1216 965 1337 997 nomini

1026 1012 1204 1046 Salomonis
1229 1012 1399 1054 industria,

976 1060 1061 1092 Dum
1085 1063 1117 1093 te
1141 1069 1280 1101 superna
1304 1062 1408 1101 gratia

1026 1108 1186 1141 Gabrielis
1208 1108 1349 1141 affamini

975 1158 1160 1197 Faventem,
1189 1156 1277 1198 virgo
1300 1157 1417 1198 Maria,

1020 1205 1139 1246 Replet
1165 1204 1304 1237 dicatam
1329 1206 1460 1242 numini.

972 1278 1072 1315 Notat
1095 1281 1149 1313 hic
1172 1280 1235 1313 Dei
1260 1280 1360 1314 filium

1017 1329 1177 1370 Salomon,
1204 1339 1261 1362 rex
1286 1330 1452 1371 pacifixus,

969 1378 1029 1418 Qui
1053 1377 1132 1410 feeit
1155 1377 1304 1410 thronum
1328 1380 1460 1421 regium,

1018 1426 1063 1459 Ut
1086 1426 1140 1458 hic
1165 1424 1282 1458 artifex
1309 1428 1446 1460 coelicus

972 1474 1017 1506 Et
1041 1475 1171 1507 nuntius
1193 1475 1355 1515 angelicus

1020 1523 1233 1563 Praeparavit
1257 1523 1441 1565 hospitium,

973 1570 1111 1603 Nostrae
1137 1570 1249 1603 salutis
1274 1571 1408 1612 pisticus

1023 1619 1132 1652 Verna
1158 1617 1307 1651 deferens
1332 1621 1493 1661 gaudium.

971 1692 1085 1737 Maria,
1113 1698 1216 1729 mater
1240 1697 1374 1738 gratiae,

1017 1745 1126 1777 Mater
1151 1746 1183 1776 et
1208 1743 1279 1778 fons
1305 1745 1468 1788 bonitatis,

967 1792 1076 1825 Mater
1102 1793 1353 1835 misericordiae,

1016 1842 1104 1875 Fons
1130 1843 1162 1874 et
1186 1840 1287 1874 fomes
1312 1843 1453 1886 pietatis,

972 1890 1161 1922 Triclinium
1188 1890 1327 1932 deitatis,

1019 1939 1127 1971 Mater
1151 1938 1229 1971 solis
1251 1939 1407 1984 justitiae,

974 1987 1154 2028 Perpetuae
1179 1987 1336 2021 claritatis

1018 2034 1152 2068 Confers
1177 2036 1284 2068 lumen
1310 2039 1342 2068 et
1365 2038 1498 2078 gratiae.

970 2101 1061 2138 Uxor
1084 2104 1192 2137 Nabal
1217 2112 1287 2136 cum
1312 2105 1439 2139 Davide

1016 2153 1133 2186 Pacem
1157 2152 1240 2185 datis
1266 2154 1460 2198 muneribus,

968 2201 1074 2234 Nabal
1100 2200 1256 2234 reformat
1280 2202 1384 2236 solide

1016 2250 1258 2291 Benignissimis
1283 2251 1443 2295 precibus,

967 2299 1061 2332 Licet,
1085 2298 1193 2332 Nabal
1217 2300 1417 2334 sermonibus

1015 2347 1119 2380 Dictis
1145 2346 1302 2390 factisque
1327 2349 1445 2384 stolide

965 2396 1140 2430 Meruisset
1166 2397 1329 2430 doloribus

1012 2445 1121 2480 Vitam
1145 2444 1239 2480 finire
1264 2447 1404 2484 turbide.
