1653 2668
716 143 976 182 —185-a

596 246 659 279 153.
699 247 746 279 Ad
765 249 919 290 Angelum
940 249 1107 282 Custodem.

186 316 217 350 1.
245 317 271 349 O
299 317 412 357 angele
437 317 634 359 dulcissime,
879 323 911 354 4.
936 320 1098 353 Munitum
1121 329 1174 352 me
1198 320 1371 359 custodias,

244 364 293 397 Mi
320 367 426 397 custos
450 363 650 407 fidelissime,
938 369 1146 402 Tentat-‚iones
1173 368 1284 400 noxias

244 412 301 444 Mc
326 412 486 445 custodito
510 415 673 454 miserum,
937 415 1005 448 Fac
1029 425 1080 448 me
1106 416 1283 456 prudenter
1308 416 1438 448 vincere

243 460 294 492 Ne
321 461 469 493 decidam
492 461 528 493 in
552 464 722 503 tartarum,
936 465 1070 504 Deoque
1096 464 1191 505 digne
1215 464 1336 497 vivere.

187 520 219 551 2.
246 518 331 550 Nam
357 527 424 550 sum
451 516 635 559 figmentum
662 519 786 560 fragile.
880 524 910 555 5.
939 523 1062 561 Corpus
1087 529 1191 553 meum
1218 524 1250 553 et
1274 522 1411 554 animam

244 566 308 598 Per
332 575 447 598 nomen
473 566 637 599 ineffabile
936 569 1001 601 Sub
1027 572 1083 601 tua
1106 567 1294 601 fidelissima

246 614 308 646 Dei
335 614 400 646 vivi
424 616 457 645 te
481 614 621 654 postulo,
940 616 1023 650 Cura
1047 625 1173 657 semper
1197 615 1367 657 proficiant

243 663 295 695 Ab
323 663 408 694 omni
433 671 484 693 me
508 662 664 703 periculo,
938 665 975 697 In
1000 664 1102 697 Deum
1128 673 1188 696 nec
1215 663 1375 698 deficiant.

187 721 219 754 3.
246 720 291 753 Et
315 720 461 760 corporis
486 723 519 752 et,
543 720 669 753 animae
878 722 910 754 6.
938 722 989 755 Sis
1016 723 1081 754 dux
1105 724 1139 753 et
1162 725 1249 755 tutor
1274 723 1390 754 misero

242 768 445 808 Praeservcs,
472 768 579 800 hostes
607 769 791 810 comprime.
940 769 1031 810 Mihi,
1058 770 1139 803 mon'
1165 779 1235 802 cum
1263 779 1409 810 coepero,

241 816 326 849 Dum
352 817 460 857 vigilo,
488 816 565 848 dum
591 816 724 857 d0rmi0,
934 818 1113 856 Prote-actor,
1140 819 1184 849 mi
1209 819 1419 858 sanctissime,

243 864 381 897 Sanctae
407 864 510 897 erucis
535 865 699 906 praesidio
932 866 1023 898 Tunc
1049 870 1116 898 esto
1141 875 1231 898 meae
1255 867 1391 899 animae.

589 923 619 955 7.
646 922 757 963 Adsis,
783 923 873 963 virgo
898 923 1053 966 piissima,

647 970 755 1003 Maria
777 971 1015 1011 benignissima,

650 1019 696 1052 Ut
721 1021 827 1051 vestro
853 1018 899 1050 sic
921 1019 1085 1059 J'uvamine

648 1066 726 1098 Jesu
752 1064 843 1099 fruar
870 1066 1049 1099 dulcedine.

257 1131 328 1160 Cod.
350 1131 379 1159 S.
399 1132 481 1159 Petri
502 1131 706 1168 salisburgen.
731 1132 751 1159 l>
771 1132 788 1159 1
811 1130 853 1160 25.
877 1140 928 1160 sae
944 1153 953 1159 ,.
974 1129 1050 1159 ¹5¹1&
1071 1133 1106 1160 A.
1127 1146 1165 1150 —
1185 1132 1256 1161 Con.
1276 1133 1373 1160 Palat.
1393 1132 1505 1159 Vindo-

184 1170 288 1198 bonen.
309 1168 386 1198 4089
407 1171 477 1198 anni
500 1168 582 1199 1460.
598 1171 630 1198 B.
698 1169 778 1197 Orat.
800 1178 853 1198 ms.
864 1171 1062 1206 '1:¹egirinsen:u
1075 1172 1146 1198 anni
1166 1170 1248 1200 1470.
1264 1171 1334 1199 Clm.
1351 1170 1506 1198 Monam—n.

182 1206 218 1236 20
227 1207 292 1237 021.
314 1208 345 1237 O.
364 1224 400 1229 —
420 1206 447 1241 3,
472 1207 486 1236 1
508 1210 552 1238 Ut
570 1210 702 1245 eorporis
723 1214 756 1236 15.
779 1224 814 1226 --
837 1206 863 1242 6,
883 1207 904 1236 4
924 1212 986 1237 esto
1007 1209 1081 1237 fehlt
1099 1207 1164 1238 AC-
1185 1210 1327 1245 Tuncque
1352 1210 1373 1235 t·

585 1311 648 1343 154.
689 1310 736 1343 Ad
756 1311 912 1353 Angelum
934 1311 1103 1344 Custodem.

181 1383 212 1415 1.
239 1384 265 1417 Ο
290 1384 404 1424 angele
427 1383 640 1424 sanctissime,
875 1383 906 1415 3.
935 1383 960 1416 O
987 1381 1106 1414 artifex
1131 1381 1277 1424 mirifice,

240 1431 289 1464 Mi
316 1434 422 1463 custos
448 1431 675 1471 amantissime,
934 1430 984 1463 Mi
1010 1430 1191 1463 consolator
1217 1431 1319 1470 unice,

238 1480 286 1512 Te
310 1480 414 1511 saluto
439 1488 527 1520 voce,
555 1482 639 1518 voto,
931 1478 999 1511 Fac
1024 1481 1157 1518 peecata
1182 1476 1328 1510 confiteri

239 1528 288 1560 Te
311 1528 473 1568 deprecor
498 1527 597 1560 eorde
621 1529 701 1559 toto.
933 1526 979 1559 Et
1003 1526 1114 1559 dolore
1140 1526 1247 1559 cordis
1269 1526 1341 1558 teri.

181 1587 212 1618 2.
241 1585 307 1618 Fer
331 1586 410 1617 mihi
435 1587 470 1616 tu
495 1585 615 1617 auxilia
873 1585 905 1618 4.
933 1584 958 1617 O
987 1584 1110 1616 ducedo
1137 1583 1290 1616 bonitatis

239 1635 360 1668 Contra
387 1633 474 1665 bella
497 1633 637 1676 hostilia,
932 1632 978 1664 Et
1002 1635 1126 1664 amator
1152 1631 1321 1672 castitatis,

238 1682 288 1714 Tu
314 1682 424 1715 vivere
448 1690 500 1713 me
525 1680 578 1714 fac
601 1683 669 1713 tute
931 1680 984 1713 Da
1008 1679 1144 1720 hymnos
1169 1680 1279 1712 dulces
1303 1688 1453 1719 promere

237 1731 276 1763 In
301 1730 362 1762 hoc
386 1738 465 1763 aevo
492 1739 564 1762 cum
588 1729 701 1761 salute.
931 1729 1039 1768 Atque
1064 1728 1227 1760 mundana
1251 1736 1415 1767 spernere.

585 1789 616 1821 5.
644 1788 694 1820 Tu
721 1785 871 1819 defensor
896 1795 985 1818 meus
1009 1783 1102 1818 fortis

645 1835 696 1868 Sis
722 1835 755 1867 in
780 1835 861 1868 hora
884 1843 975 1867 meae
999 1834 1112 1866 mortis

643 1884 689 1917 Et
712 1883 754 1916 ad
781 1883 863 1916 coeli
889 1883 951 1915 duc
977 1890 1120 1922 examen,

643 1933 709 1966 Ubi
735 1931 883 1965 Christus
907 1933 1031 1972 regnat.
1076 1931 1190 1963 Amen.

257 1999 327 2028 Cod.
352 2000 381 2028 S.
402 2000 484 2028 Petri
506 1999 709 2035 Salisburgen.
731 1999 749 2026 b
771 1998 786 2026 I
808 1996 855 2026 25.
877 2006 953 2025 saec.
971 1993 1045 2025 ¹⁵l10.
1067 1999 1103 2025 A.
1125 2011 1163 2015 —
1184 1996 1253 2025 Cod.
1272 1997 1369 2025 Palat.
1392 1997 1506 2026 Vindo-

176 2039 282 2067 bonen.
304 2036 381 2067 4089
403 2040 474 2067 anni
497 2037 579 2067 1460.
596 2038 630 2067 B.
646 2053 682 2056 —
697 2036 778 2065 Orat.
799 2046 853 2065 ms.
867 2037 1050 2073 Tegurinum
1070 2036 1142 2063 anni
1165 2033 1247 2065 1470.
1265 2034 1336 2063 Clm.
1351 2037 1505 2065 Monacen.

175 2075 288 2106 20021.
311 2077 342 2105 G.
365 2093 402 2097 —
423 2075 450 2111 3,
472 2075 493 2105 4
510 2077 588 2114 tergi
608 2076 693 2105 ABG.
715 2092 754 2096 —
774 2074 801 2111 4,
822 2075 842 2104 4
860 2075 902 2103 Et
920 2073 1072 2103 mundana
1091 2074 1126 2102 A.
1147 2088 1185 2093 —
1206 2073 1232 2110 5,
1255 2073 1271 2102 1
1291 2075 1339 2103 Tu
1357 2074 1433 2103 fehlt
1452 2077 1486 2103 A.

637 2180 700 2214 155.
743 2180 788 2213 De
808 2180 921 2212 saneta
941 2180 1039 2212 Anna.

176 2254 207 2288 1.
235 2256 340 2294 Ave,
369 2253 463 2287 radix
489 2256 602 2286 sancta
626 2253 729 2294 Jesse,
934 2253 1006 2284 Ave
1032 2251 1165 2289 coelum,
1193 2259 1232 2283 ex
1258 2259 1321 2291 qua
1346 2251 1441 2283 stella

234 2303 287 2336 Ex
311 2304 345 2333 te
369 2304 442 2334 orta
467 2304 517 2333 est
542 2310 694 2341 expresse
932 2299 1042 2340 Luxit,
1070 2307 1151 2340 quae
1174 2298 1208 2330 in
1234 2308 1292 2331 sua
1317 2300 1400 2332 cella

235 2352 349 2393 Virga,
377 2358 459 2391 quae
484 2350 641 2390 produxit
665 2348 786 2391 florem,
935 2348 1058 2383 Clausit
1080 2356 1191 2381 verum
1209 2347 1309 2380 solem
1327 2348 1499 2391 Christum,

235 2401 295 2441 Qui
321 2399 485 2432 salubrem
513 2399 569 2432 (lat
594 2399 724 2432 odorem
933 2397 993 2437 Qui
1018 2396 1161 2429 illustrat
1186 2396 1337 2429 mundum
1360 2398 1456 2431 istum

278 2447 472 2482 Dulcedinis
497 2446 671 2489 mirificae;
980 2445 1112 2479 Interne
1136 2454 1176 2477 ac
1199 2444 1344 2480 mirifice.
