1653 2668
680 95 939 135 *lm-—

625 220 684 253 125.
723 219 768 252 De
787 220 818 252 B.
837 218 940 252 Maria
959 219 996 250 V.

188 332 194 339 .
219 305 405 338 Divinitatis
429 304 537 336 hortus
843 301 874 333 2.
901 299 964 332 Per
989 300 1030 339 te,
1057 298 1146 340 virgo
1171 298 1286 338 Maria,

223 353 340 386 Salutis
365 354 412 384 est
435 355 556 391 portus,
900 347 1002 380 Nobis
1028 347 1144 379 dantur
1170 346 1289 387 divina⁷

221 402 259 434 In
282 403 323 441 te,
349 401 437 439 virgo
462 398 608 439 benigna,
899 396 939 428 In
962 397 994 427 te
1019 394 1148 426 virescit
1171 394 1250 426 satis

224 449 302 482 Sunt
329 447 412 479 dona
434 444 567 487 infinita,
903 442 1079 482 cypressus
1103 441 1263 484 puritatis,

221 497 261 529 In
283 497 326 535 te,
352 495 438 534 virgo
463 494 567 534 beata,
902 491 940 522 In
965 492 997 522 te
1022 489 1185 522 candescit
1209 490 1310 530 magis

225 544 306 577 Sunt
330 542 412 574 dona
436 541 602 581 cumulata,
903 537 1021 572 Lilium
1046 537 1214 577 castitatis,

222 590 259 622 ln
283 592 324 628 te,
350 590 438 628 virgo
465 588 575 628 electa,
903 585 954 618 Tu
979 594 1012 617 es
1036 587 1140 616 mater
1162 585 1336 623 Minormn,

225 638 305 669 Sunt
328 636 432 669 omnia
456 635 609 676 perfecta.
903 632 1072 675 Refugium
1096 634 1312 673 peccatorum.

241 711 310 740 Cod.
330 712 467 740 Mellicen
484 712 505 739 ἰε
530 708 594 740 932.
615 718 690 738 saec.
713 707 758 738 15.

631 840 690 872 126.
731 841 774 872 De
795 840 826 871 B.
846 839 948 871 Maria
966 839 1003 871 V.

192 949 198 955 .
226 922 302 955 Cum
327 921 471 953 velarent
493 921 615 952 montes
641 928 750 960 aquae,
847 920 879 953 2.
903 919 996 952 Licet
1021 918 1136 962 brevis,
1163 918 1240 950 licet
1262 928 1371 960 parca,

224 969 341 1001 Arcam
366 968 437 1000 Noe
462 967 706 1008 circumquaque
906 966 1002 1006 Spem
1026 966 1157 998 inclusis
1184 965 1275 998 dedit
1298 975 1374 999 arca

273 1016 401 1048 Liniens
429 1015 582 1047 bitumine
954 1013 1082 1047 Vitandi
1110 1014 1275 1054 diluvium,

227 1064 281 1105 Te,
308 1063 423 1103 Maria,
450 1062 616 1104 figuravit,
908 1062 962 1094 Sic
986 1064 1018 1093 te
1044 1063 1124 1094 duce
1148 1063 1200 1093 tuo
1228 1062 1325 1093 ductu

226 1112 296 1143 Ave
322 1120 406 1154 ergo,
433 1119 525 1151 quam
552 1110 674 1143 dotavit
908 1111 973 1143 Per
994 1113 1025 1141 te
1050 1110 1125 1142 dato
1151 1109 1236 1141 vitae
1262 1108 1368 1141 fructu

273 1159 360 1191 Deus
385 1168 440 1191 suo
465 1159 601 1191 numine.
955 1158 1061 1190 Datur
1085 1157 1152 1189 vita
1176 1157 1325 1198 gentium.

245 1234 324 1262 Orat.
345 1243 396 1262 ms.
421 1234 541 1270 Majoris
563 1232 736 1261 carthusiae
755 1241 830 1261 saec.
853 1230 924 1260 14115.
953 1231 1023 1261 Cod.
1045 1231 1312 1268 Gratianopolitan.
1336 1229 1399 1260 181.

619 1373 680 1405 127.
713 1373 759 1404 Ad
778 1372 810 1405 B.
831 1372 962 1405 Mariam
982 1373 1017 1405 V.

193 1477 202 1486 .
227 1453 337 1486 Rubus
362 1454 396 1486 in
421 1455 452 1485 te
477 1454 706 1495 concrematur,
848 1455 880 1487 4.
907 1453 978 1487 Hac
1001 1454 1033 1485 in
1061 1453 1145 1486 valle
1169 1453 1372 1486 lacrimarum

229 1502 299 1534 Tua
323 1510 418 1534 carne
443 1502 517 1534 dum
541 1501 665 1534 velatur
907 1501 965 1541 Tu,
993 1510 1074 1542 quae
1098 1499 1157 1534 fios
1183 1510 1216 1533 es
1243 1501 1452 1545 dominarum,
1509 1531 1515 1546 ,-

277 1549 368 1582 Patri
393 1558 521 1589 compar
544 1548 648 1590 filius,
953 1549 1091 1582 Nostrae
1114 1558 1228 1589 preces
1252 1550 1389 1593 suscipe,

230 1597 275 1630 Ut
299 1605 358 1629 nec
383 1596 479 1629 rubus
506 1602 554 1629 est
577 1597 726 1639 minutus,
907 1597 953 1630 Ut
976 1597 1166 1629 mundemur
1191 1607 1210 1630 a
1236 1597 1365 1639 delicto,

229 1644 283 1676 Sic
305 1653 364 1677 nec
387 1645 474 1677 Deus
500 1647 531 1676 te
555 1645 696 1685 indutus,
908 1644 959 1677 Ne
982 1653 1139 1685 ponamur
1162 1644 1196 1677 in
1220 1646 1401 1686 proscripto

276 1692 332 1724 Nil
356 1692 417 1724 hac
440 1701 476 1724 re
499 1692 656 1725 subtilius.
955 1693 1025 1726 ‘ruo
1051 1702 1158 1725 coram
1180 1692 1258 1725 filio.

199 1792 206 1799 .
231 1768 279 1801 Ob
304 1768 365 1800 hoc
385 1768 473 1800 Deus
495 1768 530 1800 in
553 1771 586 1800 te
609 1772 731 1811 regnat,
852 1770 884 1802 5.
908 1768 960 1802 Ab
987 1770 1134 1810 Aegypto
1159 1769 1345 1811 liberamur,

232 1815 294 1848 Suo
318 1814 395 1848 flatu
420 1818 453 1847 te
477 1816 675 1857 impraegnat
908 1818 938 1850 A
964 1820 1075 1849 catena
1101 1817 1298 1850 denodamur

276 1862 322 1895 Et
345 1866 492 1904 perrorat
516 1864 638 1905 gratia3
955 1865 1052 1906 Regis
1077 1864 1283 1909 Babyloniae,

230 1911 276 1944 Ut
300 1911 343 1943 sis
369 1911 459 1944 nobis
485 1911 699 1954 suffragatrix,
909 1912 993 1953 Juga
1017 1913 1100 1954 regis
1125 1913 1323 1959 relaxantur,

232 1958 418 1998 Desperatis
444 1959 650 2003 sublevatrix,
910 1960 974 1992 Per
998 1963 1031 1992 te
1053 1970 1137 1993 nova
1157 1966 1358 2004 reparantur,

277 2005 345 2038 Nos
372 2007 496 2049 exaudi,
524 2007 660 2041 domina.
957 2009 1036 2041 Flos
1061 2009 1273 2045 obedientiae,

200 2106 207 2114 .
232 2082 271 2114 In
295 2084 327 2114 te
350 2081 431 2115 fides
457 2087 505 2115 est
528 2083 627 2126 unita,
855 2086 885 2118 6.
911 2084 1068 2118 Umbram
1094 2085 1168 2118 dum
1194 2086 1387 2126 virginitatis

231 2129 298 2162 Nos
325 2129 471 2173 defende,
496 2140 621 2172 precor,
646 2132 693 2164 ita
911 2132 973 2164 Est
997 2142 1143 2174 agressus
1170 2134 1299 2167 deitatis

277 2177 348 2209 Hac
371 2178 405 2210 in
428 2179 494 2212 vita
517 2180 644 2221 misera,
960 2180 1120 2213 Hinnulus
1145 2181 1299 2223 meridie3

231 2224 283 2257 Ne
318 2226 501 2259 damnemur
523 2229 598 2267 post
623 2228 795 2272 decessum,
914 2228 1004 2268 Quod
1029 2230 1195 2271 quaesivit,
1222 2230 1398 2273 adinvenit,

236 2272 299 2304 Sed
323 2274 462 2314 gaudere
486 2274 528 2307 sit
553 2284 735 2308 concessum
913 2277 977 2310 Per
1000 2279 1034 2309 te
1060 2278 1205 2312 Christus
1230 2287 1289 2311 nos
1312 2279 1449 2312 redemit

272 2320 309 2353 ln
335 2322 463 2355 coelesti
486 2323 601 2363 patria.
961 2325 1078 2359 Pacem
1105 2326 1183 2359 dans
1210 2327 1373 2360 ecclesiae.

252 2383 322 2414 Olm.
341 2386 494 2416 Monacen.
516 2386 623 2417 24804.
645 2397 719 2417 saec.
743 2386 786 2417 15.
