1653 2668
633 135 894 172 *145—

451 233 483 265 3.
512 232 636 274 Gaude,
661 233 770 266 lumen
794 235 950 276 galaxiae,

512 281 644 314 Transis
669 280 788 314 flumen
812 282 955 324 agoniae,

512 330 628 362 Petens
653 338 771 363 numen
796 330 941 363 theoriae

510 377 575 410 Per
598 385 748 411 cacumen
773 378 985 419 hierarchiae,

558 424 672 458 Dulcis
698 425 785 467 JeSU,
814 426 916 459 dulcis
942 426 1059 460 Maria.

513 473 636 518 Gaude,
663 474 787 515 signum
813 474 1031 515 symphoniae,

513 520 563 553 Sis
589 521 760 562 benignum
785 525 915 555 nostrae
939 522 1010 555 viae

511 569 606 602 Vitae
630 570 761 611 lignum,
787 570 899 602 mortis
926 571 998 603 diae

510 617 617 650 Phase
645 618 773 659 dignum
795 617 848 650 fac
873 618 990 661 Josiae,

558 664 673 697 Dulcis
698 665 785 706 Jesu,
814 665 916 699 dulcis
940 665 1057 699 Maria.

181 728 250 757 Cod.
271 729 448 759 Admonten.
469 727 535 759 383.
556 739 633 759 saec.
656 728 700 759 14.

566 870 622 903 121.
662 871 717 933 Aa*
729 871 762 904 B.
782 871 914 904 Mariam
934 872 970 904 V.

105 973 136 1007 1.
162 971 243 1011 Ave,
272 971 362 1011 virgo
387 970 505 1012 Maria,
823 973 854 1005 6.
881 972 962 1011 Ave,
986 974 1090 1004 mater
1113 972 1245 1013 gratiae,

161 1020 214 1052 Ab
241 1019 328 1052 omni
353 1019 486 1052 miseria

210 1067 267 1100 Me
293 1068 469 1100 clementer
495 1076 571 1100 eruc

162 1115 212 1149 Ac
236 1124 296 1156 per
323 1115 404 1148 coeli
428 1115 621 1156 principem,

163 1163 297 1207 Quaeso,
325 1162 378 1196 fac
400 1164 593 1205 participem

212 1212 333 1245 Salutis
356 1215 544 1253 perpetuae.

129 1307 134 1313 .
162 1280 244 1319 Ave,
272 1280 362 1313 sidus
388 1279 556 1321 fulgidum,

160 1329 216 1361 Me
240 1331 373 1368 peccato
393 1329 580 1369 languidum

210 1377 273 1409 Per
297 1377 457 1409 medelam
482 1377 580 1410 visita

160 1425 337 1458 Exorando
362 1424 545 1465 Dominum,

162 1474 208 1508 Ut
234 1476 420 1506 cunctorum
448 1472 616 1505 criminum

209 1521 294 1555 Mihi
319 1523 408 1554 laxet
434 1520 553 1554 debita.

131 1617 138 1626 .
164 1591 247 1630 Ave,
273 1592 378 1622 mater
402 1589 545 1628 luminis,

160 1639 230 1672 Fac
253 1646 306 1670 me
330 1637 460 1670 sordem
487 1636 628 1669 criminis

210 1686 369 1720 Lacrimis
395 1686 546 1726 abluere3

161 1736 345 1776 Antequam
372 1733 538 1778 discutiar,

160 1784 224 1817 Per
249 1786 281 1816 te
308 1785 422 1816 cuncto
448 1790 575 1815 merear

207 1832 367 1865 Resanari
394 1831 537 1865 vulnere.

125 1929 132 1936 .
157 1901 240 1942 Ave,
268 1901 365 1933 decus
390 1899 561 1940 virginum,

158 1951 223 1984 Per
248 1949 388 1989 abrupta
414 1947 582 1980 criminum

205 1998 264 2031 Me
290 2000 452 2029 errantem
478 1996 603 2038 corrige

157 2047 204 2080 Et
226 2058 247 2079 a
271 2046 370 2079 sorde
393 2045 552 2077 scelerum

158 2096 218 2136 Tu,
246 2093 393 2127 senatrix
417 2093 598 2135 vulnerum,

206 2144 265 2176 Me
287 2143 462 2175 clementer
488 2141 586 2182 erige.

122 2238 130 2246 .
157 2213 239 2253 Ave,
267 2218 342 2251 spes
368 2208 522 2250 fidelium,

160 2261 248 2301 Quae
273 2267 334 2300 per
358 2260 448 2290 tuum
474 2256 574 2290 filium

207 2308 307 2341 Deies
333 2306 446 2339 mundi
473 2305 616 2349 crimina,

156 2358 235 2401 Fac,
262 2359 299 2389 ut
323 2363 425 2396 purus
452 2353 530 2386 vitio

157 2406 234 2440 Tibi
260 2413 321 2438 nec
344 2412 407 2437 non
435 2402 499 2435 filio

205 2455 314 2496 Digne
338 2460 483 2493 promam
511 2452 662 2487 carmina.

155 2516 283 2542 Dreves,
298 2511 344 2535 ria
357 2510 504 2535 Dietamina.

795 2208 850 2244 10.

880 1021 1008 1061 Precor,
1035 1020 1172 1060 pulchra
1197 1019 1290 1062 facio,

934 1067 981 1100 Te
1007 1066 1127 1101 Christi
1151 1069 1346 1112 sacristiam,

880 1114 948 1147 Fac
971 1124 1024 1148 me
1048 1118 1102 1148 tuo
1127 1125 1259 1148 munere

882 1163 1017 1204 Semper
1041 1164 1136 1204 digne
1161 1173 1286 1197 sumere

931 1211 1082 1244 Sanctam
1108 1212 1344 1248 eucharistiam.

845 1307 851 1314 .
877 1280 959 1320 Ave,
985 1288 1108 1312 morum
1133 1280 1308 1321 speculum,

879 1327 966 1367 Quae
990 1328 1168 1367 perlustras
1192 1329 1353 1361 saeculum

927 1375 1027 1409 Recto
1051 1375 1156 1408 nitens
1181 1377 1319 1420 tramite,

879 1422 947 1456 Fac
970 1426 1006 1456 ut
1031 1433 1153 1456 morum
1179 1425 1284 1464 gratia

883 1471 1030 1512 Superna
1053 1472 1175 1512 palatia

927 1519 973 1553 Tc
997 1521 1178 1561 pertingam
1205 1522 1329 1554 comite.

876 1587 958 1628 Ave,
985 1587 1099 1627 dulcis,
1125 1597 1229 1620 annuc

877 1635 921 1668 Et
945 1635 1007 1668 hoc
1031 1635 1111 1668 mihi
1134 1635 1253 1677 tribue,

928 1683 974 1716 Ut
998 1684 1037 1716 de
1064 1683 1169 1716 carnis
1196 1685 1313 1717 cellula

879 1731 978 1765 Nulla
1003 1733 1100 1773 plaga
1125 1733 1304 1774 vulnerum,

880 1780 977 1813 Nulla
1003 1789 1134 1820 prorsus
1161 1782 1318 1813 scelerum

925 1828 1053 1861 Mecum
1078 1832 1193 1870 pergat
1217 1831 1352 1863 macula.

844 1920 851 1927 .
878 1896 958 1939 Ave,
985 1895 1058 1929 fons
1084 1897 1281 1939 clementiae,

876 1945 960 1978 Mihi
985 1953 1071 1977 nunc
1092 1945 1127 1977 in
1153 1945 1223 1978 acie

928 1993 1048 2026 Contra
1070 1994 1154 2026 ictus
1180 1994 1369 2027 daemonum

875 2042 983 2075 Mater
1008 2042 1093 2083 regis
1119 2042 1250 2085 gloriae,

878 2092 1040 2124 Aeternae
1064 2091 1229 2134 victoriae,

924 2138 1044 2172 Tribue
1067 2138 1257 2174 subsidium.

876 2208 956 2249 Ave,
983 2206 1072 2248 virgo
1097 2204 1223 2245 florida,

877 2255 959 2297 Regi
982 2263 1091 2296 regum
1116 2256 1254 2301 placida,

925 2303 977 2337 Ne
1003 2304 1137 2337 damner
1154 2304 1287 2349 judicio,

877 2351 946 2385 Fac
970 2361 1030 2394 per
1054 2356 1142 2386 tuam
1167 2355 1312 2401 gratiam,

875 2403 924 2437 Ut
946 2411 998 2434 me
1021 2411 1137 2442 purum
1162 2404 1297 2437 sentiam

925 2450 1056 2493 Mentis,
1085 2451 1188 2485 carnis
1214 2453 1302 2487 vitio.

1213 2508 1250 2539 10
