1653 2668
678 131 939 167 —193,-

154 226 184 258 5.
212 224 329 265 Scptus
354 225 431 258 liliis
458 227 591 272 duobus,
867 230 901 264 8,
925 229 1016 271 Roga
1039 229 1174 269 supplex
1200 231 1236 260 tu
1259 238 1318 268 pro
1344 227 1449 267 uobis,

215 273 312 314 Albo,
339 273 420 306 rubo
446 283 516 308 cum
541 276 695 309 ambobus
925 278 984 318 Qui
1009 279 1190 309 sanctorum
1215 276 1301 309 sedis
1322 275 1437 318 choris,

261 321 437 355 Gorruscas
460 323 495 355 in
519 324 644 358 medio:
975 326 1102 366 Optime
1122 322 1298 366 vexillifer3

211 368 346 402 Maurus
373 370 488 402 candet
513 373 693 415 sanctitate,
928 374 1044 406 Pastor
1068 372 1159 413 bone,
1186 375 1221 405 tu
1247 375 1408 405 catervam

213 416 359 457 Uterque
384 418 577 462 virginitate,
927 422 981 454 Ad
1008 422 1105 454 vitam
1128 421 1252 461 perduc
1276 422 1449 461 aeternam,

259 463 412 498 Placidus
439 469 607 508 martyrio,
976 469 1025 504 Ut
1049 478 1121 501 cum
1144 469 1264 501 sanctis
1289 468 1439 510 gaudeat.

156 524 187 556 6.
214 522 363 564 Regnant
392 524 459 563 jam
486 533 555 557 cum
578 525 647 558 Deo
673 525 761 566 pleni
869 528 900 561 9.
927 527 976 559 Tu
1002 535 1154 559 conserva
1180 528 1401 567 congregatam

215 569 356 610 Quatuor
382 573 415 603 et
438 574 489 603 ter
511 573 633 606 milleni
927 574 993 607 Sub
1015 574 1144 607 Lunaco
1169 574 1329 606 titulatam

260 619 299 651 In
326 619 456 652 coelesti
480 621 594 662 gloria,
974 621 1124 664 Undique
1147 620 1312 666 familiam,

214 668 298 706 Quos
322 667 485 701 Johannes
513 669 678 702 duodenus
928 669 992 703 Secl
1016 672 1090 710 post
1114 670 1224 703 mundi
1247 669 1419 703 incolatum

215 715 424 755 Apostolicus
448 725 581 750 serenus
926 718 999 750 Duc
1023 718 1065 751 ad
1089 727 1186 751 verae
1209 717 1295 751 vitae
1318 719 1447 758 statum,

259 763 312 796 Ex
337 764 477 804 archivis
499 765 654 805 prodidit.
979 766 1044 800 Ubi
1068 769 1173 798 tecum
1197 766 1345 807 gaudeat.

158 821 187 853 7.
214 820 264 852 De
289 820 443 853 Romanis
468 822 561 855 libris
583 822 667 862 tulit,
847 824 902 858 10.
929 823 1022 856 Hanc
1046 823 1149 856 trinus
1176 826 1209 855 et
1233 832 1313 855 unus
1336 822 1433 861 Deus,

215 868 300 908 Quos
326 868 444 902 exinde
467 870 561 902 nobis
586 869 671 903 fudit
925 871 1001 904 Pius
1026 874 1129 914 pater,
1155 880 1243 904 amor
1270 879 1374 912 verus,

262 917 452 950 Sanctorum
478 918 642 959 catalogo3
975 920 1014 952 In
1039 920 1160 952 cunctis
1186 919 1354 960 adaugeat,

215 964 367 1004 Quisnam
391 966 475 998 alter
499 964 717 999 confessorum
934 967 992 1000 Cui
1019 967 1114 999 decus
1140 969 1172 999 et
1197 967 1348 1006 maiestas

217 1012 330 1045 Secum
358 1013 447 1046 ducit
470 1015 568 1047 talem
595 1014 724 1047 chorum
927 1015 1061 1055 Semper
1086 1017 1190 1047 exstat
1216 1017 1247 1047 et
1271 1016 1414 1055 potestas

261 1062 326 1094 Per
352 1062 433 1094 coeli
457 1061 603 1102 palatia?
978 1064 1042 1096 Per
1066 1066 1196 1096 aeterna
1220 1062 1356 1095 saecula.

232 1127 303 1155 Cod.
325 1127 421 1156 Palat.
441 1127 647 1157 Vindobonen.
672 1128 720 1163 (ol.
740 1127 949 1164 Lunaelaccn.)
973 1126 1050 1157 4089
1075 1130 1147 1157 anni
1178 1125 1260 1157 1460.
1279 1129 1314 1156 A.
1342 1143 1378 1147 —
1400 1128 1473 1156 Clm.

153 1166 307 1194 Monacen.
335 1164 384 1202 (ol.
412 1166 465 1195 SS.
492 1166 627 1195 Udalrici
653 1170 683 1195 et
701 1165 800 1202 Afrae)
825 1164 902 1195 4423
929 1169 1000 1195 anni
1022 1164 1103 1195 1481.
1124 1168 1157 1195 B.
1177 1182 1216 1186 —
1237 1166 1306 1194 Cod.
1326 1167 1473 1195 Mellicen.

155 1202 211 1232 932
237 1213 313 1233 saec.
344 1203 388 1233 15.
416 1204 447 1232 C.
472 1220 512 1224 —
536 1206 560 1233 B
586 1207 628 1234 ist
652 1205 806 1235 Absehrift
828 1214 887 1233 von
906 1206 947 1241 A;
978 1205 1062 1234 beide
1088 1204 1185 1234 haben
1211 1205 1253 1233 di(
1275 1206 1378 1233 Notiz:
1404 1204 1475 1233 Alia

154 1244 297 1280 rescripta
317 1245 349 1271 in
368 1243 471 1272 Monte
492 1243 609 1272 Casino.
631 1260 668 1264 -—
691 1242 720 1278 1,
751 1242 766 1272 1
788 1243 867 1272 Olim
886 1244 1039 1273 Benedicti
1059 1245 1119 1272 AB.
1140 1259 1178 1264 —-
1201 1242 1230 1278 1,
1252 1241 1272 1271 4
1291 1244 1401 1272 Jubare
1423 1245 1475 1280 qui

157 1281 188 1309 O.
216 1297 252 1302 -—
275 1280 308 1316 2,
340 1281 354 1310 1
376 1282 401 1311 Ο
427 1282 502 1310 fehlt
522 1281 553 1311 O.
574 1298 611 1302 —
632 1280 662 1317 3,
692 1280 709 1310 5
731 1284 813 1319 optet
831 1282 863 1311 C.
882 1298 922 1303 —
940 1281 974 1319 4,
1003 1281 1020 1311 ὅ
1041 1285 1121 1310 sator
1139 1283 1200 1311 AB.
1223 1297 1259 1303 -μ
1282 1280 1314 1317 5,
1340 1280 1360 1310 4
1377 1281 1437 1310 und
1457 1281 1474 1310 5

153 1320 324 1358 umgestellt
348 1320 378 1349 C.
413 1336 443 1340 —
467 1319 498 1355 6,
527 1318 545 1348 2
564 1321 625 1349 und
645 1319 662 1349 3
682 1322 852 1357 umgest-ellt
872 1320 902 1349 C.
923 1337 960 1342 —
982 1319 1013 1357 6,
1039 1320 1059 1349 4
1077 1321 1137 1349 und
1157 1319 1174 1350 5
1195 1321 1285 1358 desgl.
1309 1321 1340 1355 C,
1361 1320 1420 1348 und
1440 1329 1472 1348 so

153 1359 213 1388 fort
236 1360 283 1388 bis
310 1369 348 1388 zu
366 1359 461 1389 Ende.
481 1374 520 1378 —
540 1358 573 1394 7,
601 1359 617 1388 1
635 1360 678 1388 Te
696 1360 847 1388 Romanus
866 1360 953 1388 libris
974 1359 1043 1388 tulit
1062 1360 1093 1388 C.
1116 1374 1151 1378 —
1173 1357 1206 1396 9,
1236 1357 1254 1387 2
1275 1368 1316 1396 sq.
1339 1360 1380 1387 ist
1398 1359 1430 1387 in
1452 1360 1474 1387 Ο

154 1398 217 1427 also
239 1399 433 1437 abgeandert:

446 1436 535 1474 Cujus
556 1434 639 1474 Dies:
659 1435 771 1474 Hujus]
790 1437 850 1465 loci
868 1436 957 1465 Udal.
978 1437 1174 1471 Augustensis

443 1475 567 1513 Gregem
587 1484 675 1504 serva
694 1475 781 1509 hunc,
802 1485 840 1504 ne
860 1478 938 1504 ensis

477 1514 607 1543 Hostilis
629 1514 788 1542 confodiat.

151 1551 176 1587 9,
201 1552 220 1581 4
241 1562 304 1590 sqq.
326 1553 425 1583 fehlen
444 1553 505 1582 AB.
527 1568 563 1574 »-
587 1551 630 1587 10,
652 1551 671 1580 2
691 1560 773 1581 amor
794 1560 876 1580 meus
898 1552 932 1580 C.
952 1567 986 1571 —
1011 1550 1054 1586 10,
1114 1554 1222 1590 augeat
1240 1552 1300 1581 AB.

568 1636 628 1669 164.
669 1637 713 1668 De
734 1636 842 1668 sancto
863 1634 1054 1667 Bernhardo.

151 1709 181 1743 1.
207 1711 296 1743 Ave
320 1712 415 1750 pater
441 1711 473 1742 et
495 1710 642 1750 patrone,
843 1709 874 1742 3.
900 1706 952 1740 Ab
975 1707 1046 1748 ipsa
1069 1715 1142 1739 mox
1166 1705 1303 1739 infantia

256 1758 448 1791 Bernharde
470 1757 680 1798 sanctissime,
948 1755 1056 1788 Polles
1080 1754 1173 1788 bonis
1199 1754 1350 1795 moribus,

209 1805 254 1839 Es
279 1807 386 1839 suavis
411 1806 446 1838 in
471 1806 571 1839 odore
900 1804 1045 1844 Devitas,
1072 1812 1153 1844 quae
1177 1806 1253 1835 sunt
1275 1803 1382 1844 noxia,

256 1855 381 1888 Sonans
406 1855 468 1887 hoc
494 1863 533 1888 ex
558 1854 704 1895 nomine;
950 1851 1168 1892 Verecundus,
1195 1851 1360 1893 providus,

208 1903 374 1945 Fragrans
389 1902 511 1936 nardus
530 1911 563 1935 es
579 1902 781 1942 Bernharde,
901 1900 955 1933 Ad
980 1900 1095 1933 salutis
1118 1899 1181 1932 iter
1205 1899 1341 1932 tendens

258 1952 347 1985 Odor
371 1960 508 1993 namque
534 1951 667 1983 coelitus
947 1948 1127 1981 Declinasti
1151 1947 1291 1988 publica,

209 2000 256 2034 Te
281 2010 301 2033 a
324 1999 437 2033 mundi
461 2000 563 2033 traxit
587 1998 703 2033 fraude
899 1998 1035 2038 Lignum
1061 1997 1146 2029 vitae
1171 1996 1426 2037 apprehendens,

254 2049 300 2082 Et
321 2048 461 2089 replevit
482 2047 623 2088 penitus.
948 2044 1040 2086 Quod
1065 2043 1130 2077 fert
1155 2045 1239 2077 dona
1263 2044 1412 2085 plurima.

148 2108 180 2141 2.
202 2107 322 2140 Adhuc
343 2107 382 2140 in,
402 2105 515 2138 matris
532 2108 624 2138 utero
839 2107 872 2139 4.
901 2103 997 2137 Clara
1020 2105 1114 2135 natus
1140 2102 1306 2143 parentela

257 2156 321 2188 Per
347 2155 486 2188 catulum
511 2155 654 2196 signatus
948 2151 1123 2184 Caenosum
1149 2149 1233 2191 fugis
1255 2150 1418 2185 mundum.

205 2205 244 2237 In
269 2203 458 2236 adversanti
482 2202 601 2243 populo
900 2199 1125 2233 Conversando
1150 2199 1208 2232 abs
1234 2199 1364 2240 querela

252 2253 376 2285 Acutos
404 2251 461 2283 das
485 2251 633 2292 latratus,
945 2248 995 2281 Tu
1020 2248 1107 2280 tollis
1135 2247 1253 2281 Christi
1274 2248 1394 2290 jugum.

201 2301 289 2334 Huic
313 2299 433 2332 mundo
457 2302 646 2341 procreatus
897 2298 1006 2331 Vitam
1030 2305 1140 2330 amans
1165 2296 1341 2337 spiritalem

251 2349 336 2383 Eras
361 2348 465 2381 bonae
489 2348 620 2389 indolis,
943 2345 1077 2380 Intrasti
1101 2344 1295 2389 coenobium,

205 2398 335 2433 Cunctis
360 2398 492 2438 placens
518 2399 615 2437 atquc
639 2399 748 2438 gratus
897 2395 963 2430 Ubi
989 2398 1021 2427 tc
1045 2394 1187 2427 ostendis
1211 2395 1319 2439 talem,

252 2447 298 2480 Es
323 2446 367 2479 ad
393 2447 510 2479 cuncta
533 2446 658 2481 docilis.
942 2442 1033 2486 Quod
1057 2452 1091 2477 es
1114 2443 1201 2478 vitae
1225 2445 1399 2485 speculum.

199 2509 313 2533 Dravus
320 2524 327 2536 ,
343 2507 388 2531 Pia
401 2505 547 2531 Dictmnini.
1257 2499 1294 2532 13
