1653 2668
689 82 946 112 —zze—

180 177 209 209 7.
237 176 359 215 Vale,
387 174 488 208 duleis
513 174 708 217 Margareta,

240 223 324 256 Vere
348 224 452 265 gratia
477 223 611 264 repleta,

286 272 373 312 Quae
397 272 430 304 in
456 272 542 304 vitae
566 271 701 304 termino

237 320 302 354 Pro
325 321 387 361 his,
411 320 525 361 quibus
550 319 714 352 veneraris

235 368 278 402 Et
303 379 323 401 a
348 368 460 409 quibus
482 368 699 409 tormentaris,

287 418 402 450 Preces
428 414 536 449 fundis
561 415 708 450 Domino,

181 476 212 508 8.
238 474 316 507 Post
339 475 418 507 haec
444 474 548 515 capite
572 475 729 514 truncata,

241 521 335 555 Nunc
359 532 378 555 a
404 522 530 556 Christo
557 525 708 555 coronata

288 571 450 603 Passionis
474 571 595 610 laurea,

242 618 288 652 Ut
311 617 514 659 praefulgens
539 618 713 660 margarita

243 665 288 699 Es
312 667 345 698 in
371 667 480 705 sponsi
505 669 590 698 serto
615 665 687 701 sita„

294 714 418 755 Sponsa
442 716 476 745 tu
499 713 651 755 virginea.

868 174 900 206 9.

847 472 901 505 10.

926 173 950 206 O
976 172 1070 207 beata
1092 174 1285 217 margareta,

928 221 1016 261 Quae
1033 230 1103 253 cum
1118 221 1242 255 Christo
1260 231 1373 263 regnas
1385 223 1471 255 laeta

974 269 1014 302 1n
1041 270 1171 302 coelesti
1195 271 1314 312 requie,

929 317 979 349 Tu
1002 316 1130 350 delictis
1154 319 1189 350 et
1210 318 1351 358 peccatis

926 365 1009 398 Meis
1034 366 1126 398 malis
1149 365 1342 406 perpetratis

974 414 1076 448 Posce
1102 413 1184 447 dona
1206 414 1326 447 veniae.

928 471 980 504 Da
1005 473 1222 512 contemptum
1243 471 1472 504 mundanorum

928 519 974 552 Et
998 529 1138 553 amorem
1163 528 1371 560 supernorum

978 568 1056 602 Cum
1082 571 1251 609 augmento
1276 568 1407 609 gratiae,

930 616 1007 657 Fac,
1034 617 1167 649 evadam
1192 614 1365 649 inferorum

929 664 1054 707 Portas,
1080 667 1207 705 portum
1232 663 1397 696 beatorum

977 712 1152 753 Adipiscar
1175 712 1306 753 gloriae.

240 780 319 808 Orat.
339 788 382 808 ms
412 779 649 808 Underdorfense
668 786 743 808 saec.
767 777 810 806 15.
832 777 904 806 Clm.
924 778 1078 807 Monaeen-
1101 776 1185 807 7815,

576 872 646 903 200.
687 871 731 903 De
751 871 862 903 saneta
881 870 1075 912 Margareta.

193 933 223 966 i.
250 932 329 973 Ave,
354 933 444 972 virgo
468 933 662 974 Margareta,

249 980 453 1012 Peccatorum
479 981 532 1011 via
555 982 665 1020 spreta

249 1026 334 1067 Lege
357 1027 419 1059 Dei
440 1035 515 1059 vere
533 1027 619 1059 laeta

252 1073 404 1106 Meditari
428 1075 496 1105 sine
519 1076 613 1106 meta.

195 1132 227 1163 2.
253 1132 332 1171 Ave,
358 1131 507 1162 mundum
533 1139 613 1170 quae
633 1131 793 1171 sprevisti,

255 1178 371 1217 Jugum
392 1177 511 1210 Christi
535 1178 713 1218 suscepisti,

250 1223 346 1265 Ergo,
373 1224 524 1264 quidquid
550 1226 708 1265 expetisti,

252 1272 435 1312 Margareta
457 1273 617 1311 recepisti.

220 1352 227 1360 .
253 1329 332 1369 Ave,
360 1329 498 1361 clamans
524 1330 672 1361 exaudita

256 1374 326 1408 Nec
350 1385 369 1407 a
392 1376 484 1408 malis
508 1377 672 1417 impedita,

258 1423 358 1455 Voces
379 1423 455 1455 audi
480 1427 603 1456 nostras
627 1425 684 1466 ita,

255 1471 349 1504 Clara
374 1470 492 1503 Christi
517 1472 699 1512 margarita.

197 1530 229 1560 4.
254 1529 334 1571 Ave,
360 1529 458 1567 virgo,
485 1529 574 1569 signo
598 1528 719 1561 Christi

260 1575 450 1615 consignata
473 1584 553 1616 quae
577 1574 676 1617 fuisti,

251 1623 315 1654 Per
339 1631 429 1662 quem
455 1621 546 1655 fortis
572 1624 731 1667 exstitisti,

254 1669 449 1713 Margareta,
476 1671 551 1703 dum
575 1672 689 1706 vicisti.

196 1330 215 1362 ΕΟ

202 1730 219 1760 U.

255 1774 377 1806 Nomen
401 1777 488 1807 tuum
515 1776 691 1818 diligentes,

254 1821 446 1865 Margareta,
473 1821 525 1856 fae
549 1823 718 1865 ferventes,

255 1869 294 1902 ln
319 1879 425 1903 amore
448 1874 481 1903 te
505 1875 682 1912 sequentes,

198 1928 229 1960 ὓ.
254 1928 334 1967 Ave,
359 1937 474 1960 sanans
500 1932 534 1961 tu
555 1930 739 1972 languorem

256 1973 455 2008 infirmorum
478 1981 512 2009 et
535 1977 687 2018 dolorem,

254 2022 362 2063 Virgo,
386 2023 448 2055 Dei
472 2033 531 2064 per
555 2034 695 2058 amorem

256 2069 339 2102 Iram
367 2071 470 2111 pellas
496 2076 527 2104 et
551 2071 700 2106 furorem.

201 2127 229 2159 7.
256 2129 336 2168 Ave,
361 2137 434 2161 rosa
458 2131 623 2173 eastitatis,

255 2174 359 2207 Judex
379 2176 483 2216 justus
510 2179 654 2211 veritatis

254 2222 342 2254 Tuae
362 2224 453 2256 testis
477 2226 626 2265 puritatis

257 2270 303 2302 Te
327 2273 466 2304 servavit
489 2282 509 2305 a
533 2276 685 2314 peccatis.

225 1754 232 1760 .
259 1728 338 1770 Ave,
363 1728 463 1771 virgo,
489 1737 603 1761 curans
626 1733 759 1771 mentes,

871 933 904 966 3.

877 1131 906 1164 9.

855 1331 909 1364 10.

856 1531 909 1564 11.

857 1733 912 1766 12.

858 1934 911 1967 13.

857 2134 911 2168 14.

929 933 1010 972 Ave,
1032 931 1123 972 virgo
1147 939 1222 972 spes
1245 933 1448 969 moestorum,

931 979 1124 1020 Margareta,
1150 980 1206 1012 lux
1230 979 1431 1018 mundorum,

932 1026 1024 1059 Viam
1049 1027 1174 1066 spernis
1197 1028 1439 1068 mundanorum,

933 1074 1039 1106 Vitam
1064 1083 1177 1114 gerens
1203 1075 1399 1114 angelorum.

933 1131 1013 1171 Ave,
1040 1131 1129 1173 virgo
1156 1132 1311 1165 derelicta

935 1179 986 1211 Ab
1011 1179 1131 1223 amieis,
1158 1180 1218 1212 sed
1241 1180 1357 1212 relicta

931 1227 952 1260 J
955 1235 1010 1259 esu
1036 1227 1161 1261 Christo
1191 1227 1372 1271 benedicta,

935 1274 973 1307 In
998 1276 1163 1307 tormentis
1188 1285 1252 1309 non
1279 1276 1417 1308 devicta.

936 1331 1014 1370 Ave,
1044 1332 1141 1373 virgo,
1167 1333 1230 1365 Dei
1254 1334 1358 1374 sedes,

935 1378 1002 1411 Nos
1027 1389 1182 1421 supernas
1209 1382 1271 1413 duc
1295 1381 1337 1413 ad
1362 1381 1469 1422 aedes

936 1427 1005 1459 Fac
1027 1437 1086 1460 nos
1107 1428 1228 1461 Christi
1253 1429 1457 1471 cohaeredes,

933 1474 999 1508 Ubi
1023 1484 1095 1508 cum
1120 1476 1236 1509 dilecto
1262 1478 1366 1511 sedes.

935 1532 1016 1574 Ave,
1042 1534 1132 1575 virgo
1157 1535 1306 1575 gloriosa,

934 1579 1119 1621 Margareta
1144 1590 1308 1624 generosa,

937 1627 1062 1669 Lingua
1085 1627 1186 1662 fallax
1212 1633 1244 1662 et
1266 1631 1421 1663 mendosa

938 1674 1005 1708 Nos
1029 1686 1094 1709 non
1117 1680 1229 1719 tangat
1253 1680 1285 1710 et
1315 1678 1433 1711 dolosa.

938 1734 1018 1775 Ave,
1044 1735 1143 1776 virgo,
1170 1743 1211 1767 ne
1230 1736 1264 1767 in
1286 1739 1391 1768 morte

938 1780 1051 1813 Obsint
1074 1782 1165 1814 nobis
1190 1783 1302 1816 mortis
1326 1786 1453 1828 portae,

937 1829 1059 1861 Lumen
1084 1831 1175 1863 nobis
1201 1831 1284 1864 dona
1309 1831 1393 1864 forte

938 1875 982 1908 Et
1005 1887 1025 1909 a
1048 1878 1133 1910 mala
1158 1879 1220 1911 due
1245 1880 1385 1915 cohorte.

938 1935 1018 1977 Ave,
1045 1936 1144 1977 virgo,
1171 1937 1312 1970 salutare

939 1981 1058 2014 Christi
1081 1984 1172 2016 nobis
1198 1983 1252 2018 fae
1276 1987 1416 2027 adstare,

935 2029 982 2063 Ut
1006 2040 1076 2062 euni
1100 2034 1220 2065 sanetis
1245 2034 1408 2067 exsultare

937 2076 1106 2112 Valeamus
1129 2083 1162 2113 et
1186 2085 1326 2117 cantare.

934 2136 1013 2176 Ave,
1045 2138 1145 2179 virgo,
1171 2141 1204 2172 te
1229 2149 1386 2181 rogemus,

937 2183 1026 2217 Mala
1049 2186 1160 2219 mundi
1184 2196 1225 2220 ne
1249 2192 1421 2232 gustemus,

938 2230 1018 2266 Post
1042 2236 1075 2266 te
1096 2235 1217 2268 coelum
1241 2240 1279 2269 ut
1302 2237 1457 2269 intremus

938 2279 984 2312 Et
1007 2290 1080 2314 eum
1103 2285 1222 2317 sanetis
1246 2284 1436 2317 habitemus.

251 2334 319 2363 Oed.
340 2338 368 2365 ὅ.
389 2338 470 2367 Petri
489 2339 668 2378 Salisurgen.
694 2351 712 2370 a
730 2343 777 2372 m
798 2342 842 2372 10.
862 2353 938 2374 saee.
954 2345 998 2375 15.
1013 2364 1050 2369 -
1069 2348 1095 2384 9,
1111 2349 1130 2378 2
1150 2351 1195 2379 Ab
1217 2352 1346 2379 inimicis
1367 2351 1418 2380 sed
1443 2360 1487 2379 re—

177 2370 255 2403 licta.
276 2383 368 2410 gegen
387 2377 533 2405 Vusmass
554 2379 613 2407 und
634 2381 716 2409 Sinn.
