1653 2668
678 141 941 177 -101—

147 242 182 275 3.
209 241 344 282 Angelis
369 240 548 283 amabilior,
840 242 870 274 6.
897 240 978 280 Ave,
1004 247 1064 279 per
1086 238 1148 271 hoe
1173 237 1341 280 eulogium,

206 288 374 329 Adspectu
400 297 433 320 es
462 289 636 329 venustior,
900 287 1048 328 Concipis
1072 286 1135 319 Dei
1158 285 1269 327 filium,

210 336 325 370 Gratia
350 336 535 380 elegantior,
900 335 1100 376 virginitatis
1125 334 1229 367 lilium

211 384 344 418 Cunctis
368 384 485 417 creatis
512 383 648 419 dulcior.
896 383 1029 416 Habens
1053 385 1087 415 et
1109 382 1222 414 matris
1247 381 1409 422 gaudium.

149 464 182 494 4.
209 461 307 504 Ergo,
335 461 435 503 virgo,
463 461 600 505 egregia,
842 462 872 493 7.
901 460 926 493 Ο
953 460 1035 492 cella
1059 458 1281 501 pigmentaria,

212 509 300 542 Nata
327 510 367 542 de
392 509 494 550 stirpe
517 509 619 550 regia,
900 508 966 540 Vas
989 507 1120 548 plenum
1144 507 1313 546 sapientia,

210 558 275 590 Per
299 559 334 589 te
359 557 497 589 donetur
521 557 616 590 venia
900 554 1083 588 Virtutibus
1109 557 1141 587 et
1165 554 1278 596 gratia,

211 604 419 646 supplicibus
445 608 478 637 et
502 605 616 646 gratia.
900 603 967 636 Nos
992 606 1087 644 gustu
1112 602 1196 637 vitae
1220 603 1311 635 satia.

150 684 188 716 5.
212 682 367 714 Melleum
389 682 458 721 jam
482 681 563 713 coeli
589 690 695 713 rorem
844 682 875 714 8.
902 681 983 720 Ave,
1008 678 1088 713 felix
1111 679 1296 722 hospitium,

211 729 342 770 Pluunt,
368 738 422 761 ros
445 727 589 761 infundit
612 726 736 769 florem,
902 728 1031 761 Nullius
1056 727 1162 761 sordis
1186 728 1357 770 conscium,

210 778 290 810 Flos
314 777 378 810 mel
402 776 515 819 stillat,
541 777 604 809 mel
629 776 760 809 odorem
904 776 1077 808 Thalamus
1102 779 1134 808 et
1158 775 1314 816 palatium

213 826 306 857 Vitae
330 824 455 866 spargit
480 827 512 856 et
535 832 693 865 saporem.
901 824 1112 865 Thronusque
1136 823 1220 865 regis
1246 823 1393 856 omnium.

496 900 528 932 9.
555 901 618 934 Per
640 899 735 940 illud,
760 902 874 940 mater,
900 900 1060 941 gaudium,

554 947 646 987 Quod
670 948 809 988 sensisti,
839 948 913 979 dum
938 947 1039 980 filium

555 994 722 1038 Gestabas,
750 996 794 1027 sis
818 995 985 1027 humilium

553 1042 634 1083 Spes
660 1043 746 1075 salus
772 1045 805 1075 et
827 1043 985 1076 solatium.

229 1128 298 1156 Cod.
319 1127 414 1155 Palat.
436 1127 640 1155 Vindobonen.
661 1124 710 1163 (ol.
733 1126 883 1163 Campen.)
902 1124 967 1155 883.
988 1135 1065 1154 saec.
1087 1123 1162 1156 ¹4!15.

564 1277 611 1309 75.
651 1277 688 1309 In
706 1276 954 1309 Annuntiatione
973 1276 1061 1308 BMV.

153 1381 184 1412 1.
211 1377 290 1410 Flos
317 1377 351 1410 in
374 1374 455 1410 flore
484 1377 640 1419 exoritur,
845 1378 878 1410 2.
903 1376 1000 1409 Hune
1024 1378 1128 1408 ortum
1155 1384 1226 1407 eum
1255 1375 1381 1409 laetitia

210 1425 248 1458 In
276 1425 439 1458 Nazareth
467 1425 542 1457 dum
565 1425 709 1457 nascitur
904 1424 1086 1457 Laudemus
1115 1426 1146 1456 et
1175 1423 1314 1456 melodia

210 1473 307 1514 Rosa,
336 1473 377 1505 de
401 1482 463 1513 qua
494 1473 667 1513 egreditur,
904 1471 1074 1505 Dicentes:
1102 1473 1182 1512 Ave,
1208 1471 1325 1512 Maria,

214 1520 303 1562 Flos,
331 1530 391 1561 per
409 1529 502 1562 quem
519 1520 605 1553 salus
623 1520 783 1553 redditur.
905 1520 989 1553 Prae
1016 1520 1137 1551 cunctis
1163 1520 1260 1559 plena
1285 1521 1398 1559 gratia.

556 1597 587 1632 3.
616 1596 663 1629 Te
687 1596 749 1629 Dei
772 1597 931 1636 sapientia

614 1644 724 1685 Elegit
748 1653 846 1685 super
871 1644 987 1685 omnia,

612 1693 660 1726 Ut
685 1700 770 1725 esses
797 1692 859 1725 sibi
884 1692 1018 1733 propria

612 1740 749 1783 Sponsa,
774 1742 879 1773 mater
904 1742 936 1772 et
957 1739 1036 1774 filia.

230 1827 299 1856 Cod.
320 1827 418 1856 Palat.
438 1826 644 1855 Vindobonen.
665 1825 715 1862 (ol.
737 1823 888 1862 Campen.)
906 1822 971 1854 883.
993 1833 1069 1854 saec.
1091 1822 1165 1853 141ιῠ.

608 1974 654 2007 76.
693 1974 730 2007 In
750 1974 850 2007 Partu
868 1973 1023 2015 Virginis.

157 2077 190 2111 1.
217 2077 299 2117 Ave,
326 2076 367 2109 de
393 2084 456 2116 qua
477 2076 621 2108 nascitur
848 2079 881 2111 3.
905 2076 956 2109 Tu
981 2075 1103 2109 Christi
1129 2075 1382 2120 tabernaculum,

215 2125 311 2166 Puer,
336 2125 389 2164 qui
415 2125 509 2157 Jesus
537 2124 666 2168 dicitur,
907 2125 1032 2166 Angelo
1058 2133 1091 2156 es
1116 2126 1345 2168 spectaculum,

215 2174 279 2207 Per
304 2181 398 2214 quem
424 2181 497 2204 reus
523 2171 703 2213 redimitur,
909 2172 1072 2206 Virtutum
1096 2172 1324 2215 habitaculum,

215 2221 300 2255 Dum
326 2222 479 2254 innocens
505 2220 558 2253 hic
582 2221 726 2255 moritur.
908 2221 1102 2254 Miserorum
1127 2221 1358 2255 umbraculum.

158 2291 191 2324 2.
219 2290 347 2324 Patrem
373 2288 472 2330 pariS,
500 2297 518 2320 0
547 2287 624 2330 filia,
849 2292 882 2324 4.
909 2288 958 2322 Tu
985 2289 1142 2321 eastitatis
1167 2289 1279 2331 lilium,

216 2338 293 2378 Quis
318 2336 446 2371 unvidit
473 2345 565 2377 quam
592 2336 693 2371 talia?
907 2337 1002 2370 Viola
1026 2346 1059 2370 es
1082 2337 1250 2370 humilium

215 2387 298 2420 Sunt
321 2389 429 2419 tamen
455 2385 678 2426 permanentia
907 2386 1058 2427 Rosaque
1082 2386 1271 2427 patientium

217 2434 384 2470 Castitatis
407 2433 555 2475 insignia.
907 2434 960 2482 Et.
975 2433 1035 2473 flos
1060 2437 1243 2468 sanctorum
1267 2436 1419 2472 omnium.

906 2523 959 2539 -.,-,-
