1653 2668
734 180 774 185 —-
829 159 994 195 243-—

203 250 256 284 17.
284 250 338 284 Ad
365 253 546 286 cadendum
571 255 641 288 sola
665 264 737 288 mea
897 260 952 292 24.
979 258 1067 291 Deus
1093 258 1184 302 trine,
1211 258 1298 291 Deus
1317 267 1389 301 une,

332 299 454 333 sufficit
479 303 620 344 miseria,
1026 307 1114 339 Deus
1141 306 1398 349 clementissime,

284 348 338 382 Ad
364 351 560 390 surgendum
585 354 640 384 tua
665 352 735 385 sola
981 355 1122 388 Trinitas
1151 354 1285 388 colenda
1311 354 1417 398 corde,

333 397 392 430 sed
417 398 650 441 misericordia,
1038 405 1144 436 mente
1170 406 1264 444 atque
1287 405 1430 443 pectore,

282 444 364 483 Quia
387 446 472 478 inest
497 446 580 479 mihi
610 448 722 488 multa,
979 451 1095 485 Unitas
1122 450 1259 484 amanda
1284 451 1381 483 valde

331 494 414 533 proh
440 494 542 537 dolor,
570 495 731 530 vecordia.
1025 499 1110 531 omni
1134 499 1226 531 nobis
1252 501 1404 539 tempore.

200 579 256 613 18.
284 580 418 621 Porrige
442 581 509 620 jam
530 582 622 621 lapso
648 591 786 621 manum,
895 586 950 617 25.
978 585 1039 624 Qui
1063 595 1098 617 es
1122 584 1239 625 quadri
1264 584 1444 626 diligendus

334 628 376 660 da
401 629 531 674 luctum,
561 628 603 661 da
627 629 788 671 gemitum,
1024 633 1112 665 orbis
1138 633 1170 664 in
1198 632 1388 673 climatibus,

281 675 377 709 Dona
401 675 522 718 fletum,
547 676 632 710 dona
655 679 820 719 planctum
977 680 1041 713 Sed
1067 680 1130 713 mei
1154 681 1226 721 plus
1252 681 1397 713 irritatus

327 725 556 766 ploratumque
579 726 753 765 plurimum
1024 728 1165 770 eorporis
1190 729 1253 760 heu
1277 727 1432 769 sensibus,

280 771 413 813 Facque
438 782 494 805 cor
518 773 731 818 humiliatum,
979 776 1079 816 Quam
1105 776 1149 808 sis
1175 776 1285 809 mundi
1311 787 1330 809 a
1354 777 1462 818 totius,

326 821 551 855 conturbatum
578 822 737 862 spiritum.
1027 825 1133 865 credo,
1160 825 1394 864 peccatoribus,

199 907 253 941 19.
277 908 417 949 Plorem,
444 911 549 949 pater,
576 908 781 942 vehementer
892 913 947 946 26.
974 911 1142 951 Miserere,
1169 919 1296 952 quaeso,
1322 912 1421 954 Deus,

328 958 361 987 te
389 956 529 989 donante
550 957 682 999 jugiter,
1022 960 1175 991 miserere
1200 959 1302 997 citius,

279 1003 420 1045 Florem,
447 1003 493 1036 fili
518 1004 633 1048 patris,
660 1012 796 1047 semper,
973 1006 1141 1047 Succurre,
1169 1006 1317 1047 deposco,
1345 1007 1445 1047 prius,

327 1049 438 1093 flagito
466 1052 668 1093 suppliciter,
1023 1063 1117 1095 quam
1141 1053 1260 1087 inferni
1285 1054 1418 1095 abyssus

280 1099 420 1140 Florem,
447 1100 580 1140 spiritus
606 1109 624 1132 o
650 1109 750 1143 sacer,
972 1102 1028 1134 Me
1052 1102 1232 1145 absorbeat,
1260 1111 1320 1142 quo
1345 1103 1450 1134 nullus

326 1150 358 1179 te
383 1146 513 1181 favente
537 1147 675 1181 fortiter.
1019 1150 1106 1182 utilis
1133 1154 1181 1181 est
1205 1150 1349 1191 gemitus.

197 1236 252 1268 20.
278 1235 446 1268 Lacrimer
470 1235 691 1268 indesinenter
889 1239 944 1270 27.
971 1236 1109 1277 Respice
1134 1238 1330 1276 quapropter
1354 1237 1454 1280 prius,

327 1286 360 1315 et
382 1283 629 1324 incessabiliter,
1019 1287 1123 1324 pater,
1149 1283 1207 1325 fili,
1233 1284 1376 1326 spiritus,

277 1331 446 1364 Lacrimer
470 1340 531 1363 nec
554 1340 617 1363 non
643 1332 812 1373 instanter,
972 1333 1070 1364 Trine
1095 1334 1190 1373 atque
1215 1341 1294 1364 unus
1320 1333 1418 1373 Deus,

327 1378 585 1420 infatigabiliter,
1019 1383 1131 1421 pereat
1156 1389 1248 1420 quam
1275 1379 1423 1420 famulus,

280 1427 328 1462 Ut
351 1430 427 1467 post
450 1427 611 1468 perpetim
637 1427 783 1460 consoler
971 1429 1070 1469 Quem
1086 1428 1254 1469 plasmasti
1279 1429 1342 1460 tuis
1367 1428 1440 1470 pius

327 1478 433 1508 tecum
458 1477 491 1506 et
516 1475 687 1508 exhilarer.
1017 1477 1200 1509 miserando
1224 1476 1381 1509 manibus,

195 1562 251 1595 21.
279 1562 407 1595 Summe
431 1563 535 1604 pater,
561 1562 715 1594 miserere
887 1565 942 1598 28.
968 1562 1123 1596 Mannum
1149 1565 1276 1596 tuarum
1302 1572 1380 1604 opus

327 1609 399 1642 fons
424 1610 675 1651 misericordiae,
1016 1612 1141 1651 respice
1168 1612 1442 1652 clementissimus,

275 1658 474 1692 Miseranter
498 1661 572 1691 tuae
598 1658 736 1691 clemens
968 1658 1004 1692 Si
1028 1660 1218 1702 respexeris,
1244 1660 1390 1699 ploratus

325 1707 470 1747 plasmae
494 1706 701 1739 reminiscere
1016 1709 1166 1748 sequetur
1188 1708 1378 1748 uberrimus,

273 1755 319 1788 Et
342 1755 385 1788 ad
409 1763 513 1787 meum
536 1763 588 1787 me
612 1754 748 1788 adtrahe
966 1756 1068 1790 Immo
1094 1755 1187 1788 simul
1210 1756 1350 1788 ululatus

322 1802 400 1836 forti
425 1802 536 1836 Jesum
560 1802 687 1838 robore.
1017 1804 1079 1836 erit
1102 1804 1329 1837 amarissimus.

191 1893 247 1924 22.
275 1892 397 1931 Tuque,
424 1889 562 1923 Domine
587 1899 604 1922 o
632 1889 768 1931 Christe,
885 1893 939 1925 29.
966 1891 1045 1934 Ego,
1073 1893 1175 1932 pater,
1201 1892 1258 1923 ille
1282 1894 1354 1924 tuus

321 1947 340 1970 o
366 1941 464 1979 caput
489 1938 652 1982 ecclesiae,
1014 1940 1169 1980 prodigus
1194 1949 1265 1973 sum
1288 1939 1385 1982 filius,

273 1988 460 2021 Attractum
488 1987 626 2028 deposco
653 1997 672 2020 a
696 1990 730 2020 te
966 1987 997 2021 A
1024 1985 1080 2032 [te]
1106 1989 1220 2029 procul
1248 1989 1336 2021 exsul
1359 1988 1463 2022 factus

319 2044 370 2067 me
396 2035 566 2077 dignanter
590 2035 700 2076 recipe
1015 2037 1069 2077 qui
1094 2036 1141 2069 fui
1168 2035 1315 2081 diu[tius]

271 2085 318 2118 Et
342 2086 507 2125 receptum
533 2083 685 2125 solidare,
968 2084 1195 2118 Meretricibus
1223 2086 1408 2126 conjunctus

315 2132 349 2164 in
374 2135 407 2164 te
432 2132 499 2165 noli
524 2140 686 2173 spernere.
1017 2136 1050 2165 et
1075 2133 1269 2175 consumptis
1294 2133 1450 2176 omnibus,

187 2224 244 2256 23.
270 2221 394 2261 Tuque,
422 2219 555 2260 spiritus
581 2228 599 2251 0
624 2223 735 2253 sancte
884 2222 939 2256 30,
967 2220 1054 2259 Quae
1080 2223 1114 2253 tu
1138 2220 1240 2254 bonus
1267 2230 1300 2254 es
1325 2222 1471 2265 largitus,

318 2277 357 2300 ac
384 2267 487 2301 dulcis
513 2268 682 2310 paraclite,
1010 2270 1102 2309 panis
1127 2270 1225 2303 miser
1250 2270 1377 2312 indigus

267 2317 337 2351 Mei
362 2325 490 2358 semper
514 2317 697 2350 meminisse
965 2316 1108 2351 Effectus
1133 2317 1181 2351 fui
1205 2318 1366 2361 subulcus,

314 2366 392 2409 noli,
419 2374 487 2406 rex,
516 2368 727 2407 contemnere,
1012 2368 1151 2400 saturari
1178 2368 1311 2409 cupidus

269 2415 335 2449 Sed
362 2415 403 2449 da
428 2417 555 2456 patrem
580 2413 744 2458 filiumque
966 2415 1107 2457 Siliquis,
1134 2416 1191 2449 sed
1218 2417 1308 2450 dedit
1332 2417 1448 2464 nullus,

318 2466 415 2505 atque
440 2465 473 2496 te
500 2464 647 2506 diligere.
1013 2473 1092 2505 quae
1120 2465 1280 2499 dabantur
1304 2467 1426 2500 suibus.

1281 2522 1315 2552 16
1326 2519 1340 2536 ‘²‘
