1653 2668
762 123 1023 159 -195—

241 216 298 252 16.
326 217 527 261 (11111ον01110,
554 221 590 251 tu
611 220 745 260 laetare,

376 264 475 305 Apud
497 268 531 298 to
556 269 605 299 est
629 268 775 301 conditus

327 312 389 346 1110
413 317 579 355 patronus,
606 316 660 356 qui
683 318 717 348 te
742 318 826 350 clare

380 360 472 394 Ditat
497 372 581 395 nunc
605 364 788 405 honoribus,

332 409 433 448 Opem
459 411 525 451 ejus
550 411 725 452 implorare

375 457 485 490 Omnis
512 458 608 491 debet
633 460 781 502 populus,

328 505 438 545 Ipsum
463 506 573 539 volens
598 508 748 540 invocare

373 552 518 594 Supplex
545 555 631 587 dicat
657 553 811 591 famulus:

245 609 299 642 17.
327 610 352 643 Ο
378 613 524 652 patrone,
549 612 594 644 mi
619 613 817 653 Bernhaide,

376 659 461 691 Meis
487 660 574 692 adsis
599 660 760 702 precibus,

1014 222 1132 255 Procul
1156 222 1241 263 pelle
1264 223 1497 262 temptamenta

1065 270 1191 313 Mundi,
1218 270 1333 310 carnis,
1362 268 1534 303 daemonis,

1016 319 1054 352 111
1080 318 1225 351 adversis
1249 326 1307 349 nos
1333 318 1476 349 sustenta

1065 366 1203 399 Servans
1228 376 1246 399 a
1273 364 1434 406 periculis.

981 450 987 457 .
1015 423 1080 466 Me,
1107 426 1251 467 patrone,
1279 423 1543 462 circumspectum

1062 472 1177 505 Facias
1202 472 1235 503 in
1261 470 1416 511 omnibus,

1016 518 1075 562 Da,
1103 521 1139 550 ut
1164 527 1280 560 sequar
1303 519 1365 551 iter
1390 520 1511 551 rectum

1061 567 1130 599 Deo
1156 567 1289 599 haerens
1315 567 1424 603 artius,

1017 615 1063 648 Ut
1086 615 1145 647 sim
1170 613 1264 647 fortis
1286 615 1319 647 in
1346 622 1445 655 agone

1062 662 1181 696 Contra
1205 663 1304 696 malos
1329 661 1472 703 spiritus,

328 705 384 739 Me
410 707 449 739 ab
475 708 559 740 omni
585 717 679 742 serva
703 707 817 742 fraude
1014 711 1115 751 Rogo,
1142 710 1244 751 adsta,
1270 712 1381 749 pastor
1404 709 1496 750 bone,

377 754 571 795 Cunctisque
596 756 779 799 sceleribus,
1061 758 1192 798 Fugans
1216 759 1290 790 illos
1316 758 1447 792 eminus

328 802 406 842 Fac,
432 806 469 858 ut
491 802 560 836 Deo
585 813 667 858 plura
691 809 797 858 {uento
932 816 986 849 20.
1013 815 1065 849 Ex
1090 815 1189 848 odore
1213 819 1287 847 tuae
1311 814 1406 848 nardi

378 850 559 884 SOPVlamUS
586 852 711 893 SlngUha
1061 863 1210 897 Animam
1236 861 1403 905 refrigera,

326 898 406 952 OPO-
421 902 476 931 Ula
500 898 693 941 suffragante
1014 911 1093 954 Deo,
1121 911 1174 951 qui
1198 920 1260 944 non
1285 913 1393 951 potest
1416 909 1496 949 falli,

375 946 480 979 Slmus
504 955 631 988 semper
656 946 784 981 fervidi.
1062 961 1169 1000 msam
1194 959 1376 999 reconcilia,

243 1003 299 1037 18.
326 1004 488 1044 Quidquid
507 1005 585 1037 mali
612 1013 670 1038 nos
695 1004 837 1046 infestat,
1012 1006 1143 1039 Sursum
1166 1007 1256 1039 illam
1281 1007 1374 1039 trahe
1398 1008 1501 1038 tecum

372 1052 496 1084 Amove
521 1053 668 1085 celeriter
1061 1056 1100 1087 In
1127 1055 1285 1087 coelorum
1311 1054 1447 1086 culmine

323 1099 377 1139 Et,
393 1100 434 1131 ad
445 1099 561 1132 bonum
571 1100 726 1141 quidquid
736 1102 870 1142 spectat,
1013 1103 1068 1135 Ad
1093 1102 1266 1136 videndum
1291 1103 1413 1135 vultum
1437 1105 1540 1134 tecum

371 1147 442 1179 Hoc
466 1149 590 1189 adauge
612 1148 743 1192 jugiter,
1062 1150 1231 1183 Trinitatis
1256 1150 1377 1185 sedule.

316 1213 396 1242 Orat.
418 1222 470 1241 ms.
495 1213 684 1243 Lehninense
704 1216 774 1242 anui
797 1212 878 1243 1515.
900 1215 970 1244 (jod.
990 1215 1157 1244 Bel-olinen.
1179 1216 1235 1244 1V⁰
1255 1212 1301 1243 29.

654 1334 714 1368 165.
753 1336 798 1368 De
819 1337 926 1370 sancto
947 1335 1140 1368 Bernhardo.

926 1417 957 1451 5.
984 1414 1040 1450 Ad
1066 1419 1177 1449 sancta
1203 1416 1356 1448 exercitia

984 1465 1104 1497 Tendis
1130 1473 1149 1496 a
1172 1463 1313 1504 pueritia

240 1415 270 1450 1.
299 1413 502 1457 Bernharde,
526 1419 619 1456 pater
643 1417 762 1457 inclite,

299 1464 438 1497 Odorem
464 1467 538 1497 tuae
562 1465 695 1507 gratiae,

296 1513 395 1552 Quam
423 1512 570 1554 designas
597 1521 635 1544 ex
660 1513 786 1545 nomine
982 1512 1178 1553 Relinquens
1203 1512 1283 1545 haec
1307 1512 1475 1545 terrestria

297 1560 336 1592 ln
362 1568 432 1591 meo
459 1559 558 1592 funde
582 1564 723 1601 pectore.
987 1560 1125 1601 Propter
1149 1560 1233 1592 bona
1258 1560 1419 1601 coelestia,

237 1618 268 1649 2.
296 1613 437 1658 Expelle
463 1620 576 1649 cuncta
601 1617 734 1650 crimina
926 1622 955 1652 o'.
982 1614 1182 1659 Religionem
1208 1620 1362 1658 appetens

293 1665 339 1697 Et
363 1664 405 1697 ad
431 1665 565 1697 virtutes
590 1666 699 1707 incita,
983 1665 1233 1706 Cisterciumque
1257 1665 1380 1707 adiens,

296 1713 342 1746 Ut
365 1721 455 1745 mens
480 1714 618 1745 terrenis
642 1722 745 1747 vacua
984 1713 1163 1747 Virtutibus
1187 1712 1359 1754 proficiens

295 1761 474 1794 Meditetur
499 1762 660 1796 coelestia.
981 1764 1031 1794 Ac
1055 1762 1124 1794 Deo
1146 1771 1228 1802 pure
1252 1762 1404 1795 serviens.

235 1820 267 1852 3.
292 1816 380 1854 Rixa
405 1820 514 1852 catelli
536 1819 692 1860 prodidit,
925 1822 957 1853 7.
984 1816 1140 1853 Doctrina
1163 1822 1219 1851 tua
1242 1819 1370 1852 mellica

295 1867 387 1907 Quod
411 1870 524 1908 mater,
552 1877 632 1908 quae
656 1871 689 1900 te
709 1867 846 1908 peperit,
983 1867 1147 1900 Convertit
1173 1868 1253 1900 dura
1276 1870 1417 1910 pectora,

294 1916 333 1948 In
358 1917 476 1948 mundo
502 1916 599 1948 talem
624 1916 769 1959 protulit,
981 1918 1010 1948 A
1034 1915 1153 1948 saeculi
1178 1914 1308 1948 fallacia

294 1965 353 2003 Qui
378 1963 523 1997 inimicos
548 1965 676 2005 repulit.
979 1964 1115 2006 Erigens
1142 1963 1183 1996 ad
1210 1964 1369 1998 coelestia.

232 2022 263 2055 4.
292 2018 432 2063 Nardus,
451 2030 532 2063 quae
550 2025 599 2054 est
610 2022 711 2055 herba
722 2022 861 2063 humiliS‚
922 2024 953 2056 8.
980 2018 1106 2063 Ubique
1130 2020 1216 2055 fama
1241 2023 1411 2068 spargitur,

293 2071 400 2103 Odore
427 2070 637 2111 delectabilis,
979 2070 1130 2111 Undique
1154 2071 1196 2103 ad
1218 2072 1251 2102 te
1277 2071 1426 2111 curritur,

281 2119 414 2165 Ι8111111111,
440 2119 526 2159 quod
552 2119 634 2151 dono
656 2116 795 2152 flaminis
980 2118 1140 2151 Gaudium
1165 2118 1286 2151 cunctis
1311 2119 1423 2158 oritur,

292 2166 443 2200 Refertus
470 2176 504 2200 es
528 2167 561 2199 in
584 2167 715 2201 intimis.
979 2169 1086 2208 Aeger
1111 2167 1243 2208 quisque
1268 2168 1433 2201 sanabitur

606 2227 635 2260 9.
664 2222 758 2259 Salus
783 2228 902 2270 nostra,
931 2234 948 2258 0
973 2224 1173 2266 Bernharde,

662 2273 710 2306 Te
733 2274 902 2307 laudantes
926 2274 960 2306 in
984 2273 1046 2306 hac
1068 2273 1163 2317 valle,

661 2322 730 2356 Hos
755 2323 795 2355 ab
822 2323 907 2355 omni
933 2331 1026 2355 serva
1051 2321 1166 2355 fraude

661 2371 704 2404 Et
730 2371 860 2404 coelesti
881 2371 980 2413 junge
1004 2371 1105 2404 aulae.

306 2438 386 2468 Orat.
409 2447 462 2467 ms.
483 2437 673 2468 Lehninense
693 2440 762 2467 anni
784 2436 867 2467 1518.
890 2438 959 2467 Cod.
983 2438 1150 2467 Berolinen.
1169 2438 1238 2467 ΠΝ.
1261 2435 1308 2466 29.

1312 2485 1368 2517 13*
