1653 2668
217 239 325 270 Vestri
350 247 434 270 nunc
459 238 585 272 sufficio

265 286 411 318 sarcinae
434 287 590 329 mandati,

217 335 286 367 Nec
310 334 401 367 adire
427 335 565 376 grandia

265 382 341 414 licet
365 383 513 416 novitati.

160 461 191 493 3.
219 459 320 492 Verbi
343 460 556 492 ministerium

267 508 345 540 mihi
373 507 567 548 credidistis,

220 555 318 595 Cujus
344 558 395 588 est.
417 555 601 588 solemnitas

266 603 299 635 in
327 603 438 636 diebus
464 603 545 643 istis,

218 651 393 684 Erubescit
417 650 516 683 facies

268 700 392 731 animus
418 703 466 731 est
488 700 603 741 tristis,

219 746 338 780 Factus
363 756 432 779 sum
456 747 622 787 insipiens,

268 805 325 827 vos
350 804 400 827 me
426 795 586 835 coegistis.

160 874 191 905 4.
219 872 387 913 Sapientes
413 872 568 911 alloquor,

267 919 413 960 supplico
438 919 594 959 discretis,

220 967 254 1000 Si
280 976 344 999 non
371 968 465 1007 digne
492 967 612 1010 dixero,

268 1023 402 1056 parcere
428 1013 562 1056 (lebetis,

220 1063 323 1102 Loqui
349 1063 388 1094 de
415 1062 604 1095 coelestibus

266 1110 373 1143 nescio
399 1110 542 1152 secretis,

221 1158 340 1191 Caecus
364 1158 399 1191 in
423 1159 579 1201 apostolo,

267 1214 379 1238 caecus
404 1205 438 1238 in
463 1205 638 1246 prophetis.

159 1285 190 1316 5.
219 1283 298 1322 Quia
319 1282 538 1323 magnitudine

265 1334 419 1371 superant
443 1331 588 1372 ignarum

218 1378 373 1411 Notiones
398 1378 543 1419 singulae

264 1426 362 1458 trium
380 1435 599 1466 personarum,

217 1474 299 1514 Quid
324 1478 427 1514 pater,
454 1474 531 1514 quid
555 1472 651 1513 filiuS,

266 1525 357 1562 patet
380 1521 459 1554 mihi
484 1530 607 1562 parum,

216 1570 300 1609 Quid
325 1571 377 1610 sit,
403 1570 490 1602 uncle
513 1568 614 1601 filium

264 1619 362 1651 Pater
386 1617 485 1650 habet
511 1626 628 1650 carum.

155 1697 187 1728 6.
214 1694 287 1728 Una
312 1697 361 1726 est.
385 1694 565 1727 substantia

259 1742 362 1775 tribus
388 1743 422 1775 in
446 1742 603 1782 personis,

213 1790 353 1823 Unitatis
379 1791 491 1832 regula

258 1838 332 1880 plus
356 1847 449 1879 quam
473 1838 610 1879 unionis,

211 1886 348 1920 Nuntiat
371 1887 405 1918 in
431 1887 563 1927 angelis,

254 1934 380 1975 judicat
402 1935 435 1967 in
461 1934 584 1967 thronis

210 1984 263 2017 Ad
289 1985 440 2016 aeternae
464 1983 580 2016 seriem

260 2032 489 2072 dispositionis.

153 2101 183 2134 7.
213 2099 292 2134 Cum
315 2103 440 2133 creator
465 2103 645 2140 temporum

255 2158 318 2181 non
343 2148 386 2181 sit
410 2148 605 2189 temporalis,

208 2197 325 2230 Statim
351 2198 400 2229 est
423 2196 482 2229 sub
508 2200 652 2237 tempore

255 2255 307 2278 res
332 2245 529 2286 materialis3

207 2294 305 2327 Pater
330 2297 380 2326 est
406 2291 558 2335 efficiens,

253 2341 338 2375 filius
364 2340 519 2383 formalis,

204 2391 382 2432 Utriusque
406 2390 539 2432 spiritus

254 2449 351 2474 causa
375 2443 426 2472 est
448 2439 564 2474 finalis.

704 139 937 174 „19-

873 238 904 270 8.

848 1061 901 1094 10.

845 1474 898 1506 11.

841 1886 895 1919 12.

838 2292 892 2326 13.

932 235 1076 269 Creatori
1098 235 1242 267 serviunt

955 285 1060 317 omnia
1083 283 1238 323 subjecta,

933 332 997 365 Sub
1023 340 1179 373 mensura,
1206 337 1345 371 numero,

981 382 1123 421 pondere
1147 377 1301 419 perfecta,

930 429 984 461 Ad
1007 423 1182 460 invisibilia

978 485 1036 517 per
1061 476 1139 508 haec
1162 474 1326 506 intellecta

932 529 1061 557 ¹Sursum
1087 523 1186 556 trahit
1210 520 1372 553 hominem

979 573 1061 604 ratio
1088 572 1219 604 directa.

932 649 1100 683 Praedicat
1123 647 1298 688 potentiam

976 705 1083 729 rerum
1107 695 1301 735 magnitude,

931 744 1016 778 Ordo
1041 744 1229 783 sapientiam

976 793 1044 824 sive
1068 791 1282 833 pulchritudo,

931 840 1109 872 Bonitatem
1137 840 1247 879 copiae

977 897 1099 920 summa
1123 887 1300 928 plenitudo,

933 936 1039 968 Pascit
1062 935 1176 968 mentis
1202 935 1308 967 oculos

978 983 1105 1016 trinitas
1130 984 1190 1015 hoc
1214 983 1299 1015 ludo.

929 1060 1092 1100 Dignitate
1116 1059 1292 1100 praeminet

976 1108 1144 1140 universae
1168 1107 1216 1138 rei

928 1157 1046 1190 Factus
1072 1156 1114 1188 ad
1134 1154 1302 1196 imaginem

976 1204 1150 1243 majestatis
1174 1203 1246 1241 Dei,

931 1251 1052 1285 Cuncta
1076 1251 1139 1284 sibi
1163 1250 1314 1287 serviunt,

975 1299 1046 1340 ipse
1070 1300 1169 1331 seuit
1194 1300 1232 1336 ei,

928 1351 1026 1388 Quem
1049 1357 1112 1380 nox
1137 1348 1222 1379 nocti
1245 1346 1411 1384 praedicat

978 1398 1010 1427 et
1036 1396 1103 1427 dies
1129 1394 1200 1428 diei.

928 1472 1089 1513 Obligavit
1114 1472 1219 1504 omnia

974 1522 1103 1553 nostrae
1124 1520 1280 1558 servituti,

926 1568 1001 1600 Alia
1026 1568 1161 1604 deliciis,

972 1617 1038 1648 alia
1062 1616 1167 1655 saluti,

925 1664 1035 1697 Sciunt
1061 1663 1252 1705 evangelicis

974 1712 1090 1755 regulis
1114 1711 1240 1752 imbuti,

924 1760 1042 1801 Quibus
1068 1759 1133 1792 frui
1159 1762 1316 1800 convenit,

970 1808 1083 1848 quibus
1111 1808 1204 1841 decet
1226 1809 1283 1842 uti.

922 1885 982 1918 His
1007 1894 1064 1917 nos
1090 1884 1253 1918 beneficiis

970 1934 1071 1966 voluit
1097 1933 1194 1966 ditari

921 1982 967 2015 Et.
990 1982 1109 2022 adjecit
1135 1982 1292 2015 cumulum

966 2031 1104 2063 muneris
1129 2030 1300 2074 praeclari,

923 2078 999 2112 Cum
1024 2088 1087 2119 pro
1111 2079 1203 2111 nobis
1228 2077 1327 2112 filium

969 2127 1058 2159 misit
1080 2127 1253 2167 incarnari,

920 2174 967 2209 Ut
987 2175 1094 2208 uniret
1117 2175 1276 2208 hominem

968 2233 1024 2257 suo
1048 2224 1192 2258 salutari.

919 2292 977 2325 Est
1003 2292 1229 2326 inenarrabilis

968 2340 1031 2374 ista
1055 2341 1211 2382 genitura,

919 2390 956 2422 In
982 2398 1121 2430 persona
1144 2390 1283 2431 simplici

972 2438 1094 2480 duplex
1117 2442 1166 2472 est
1188 2443 1315 2481 natura,

1250 2495 1293 2526 2*
