1653 2668
736 140 993 176 —128—

667 245 724 277 101.
764 243 810 275 Ad
830 243 862 275 B.
882 243 1014 275 Mariam
1034 242 1070 274 V.

219 332 251 365 1.
275 331 329 364 Ad
353 333 386 362 te
408 331 542 360 matrem
566 327 766 368 reclinamur,

278 380 324 412 Ut
347 378 404 410 sub
431 376 543 408 umbra.
566 377 770 415 protegamur

322 426 408 458 Tuae
433 423 668 462 sanctimoniae,

277 475 315 507 In
338 482 399 514 qua
425 472 533 503 dolens
557 479 620 502 non
644 469 830 510 languescit,

278 521 352 563 Sed,
379 519 407 552 si
433 519 528 558 dolet,
555 517 745 550 convalescit

323 568 415 600 Dono
440 568 513 598 tuae
537 566 667 606 gratiae.

222 628 253 659 2.
278 625 375 665 Audi,
400 623 486 663 audi,
511 623 603 663 virga
627 623 728 661 Jesse,

276 673 342 705 Nos
368 673 527 712 gementes
552 673 584 701 et
607 668 661 701 fac
683 677 752 701 esse

275 720 405 760 Semper
430 718 489 750 tibi
513 727 569 750 nos
597 718 746 757 devotos3

280 766 540 800 Commendamus
565 765 625 797 tibi
648 769 739 797 notos

276 815 319 847 Et
343 814 526 847 commissos
552 814 593 845 ad
618 813 801 854 regendum,

279 863 395 894 Totum
420 861 538 893 clerum
564 861 605 893 ad
630 861 793 893 tuendum.

220 922 251 954 3.
277 919 332 951 Me
357 918 553 951 submersum
578 918 610 949 in
636 917 775 957 peccatis

278 967 356 1007 Fac,
385 968 420 998 ut
449 966 598 1006 plangam
624 975 684 1005 pro
706 964 843 1005 patratis

325 1014 419 1047 Scala
442 1013 665 1053 poenitentiae,

276 1061 407 1094 Manum
430 1061 550 1100 praebe
573 1060 761 1100 poenitenti,

280 1109 505 1141 Condescende
528 1109 604 1139 mihi
629 1107 729 1149 flenti,

326 1158 390 1190 Vas
414 1156 565 1196 unguenti
589 1157 722 1197 gratiae.

900 326 931 358 4.

901 622 919 653 <51

902 918 932 949 6.

958 325 1021 357 Pro
1045 330 1106 364 me,
1133 322 1221 362 virgo
1249 320 1361 360 dulcis,
1390 326 1456 357 ora,

957 372 1048 404 Mala
1070 370 1166 411 pelle,
1188 369 1267 401 mihi
1294 369 1378 401 dona

1002 418 1223 451 Lacrimarum
1246 415 1387 455 flumina,

957 467 1076 506 Quibus
1100 466 1236 498 munder
1261 474 1280 497 a
1304 466 1447 505 peccato,

958 515 1011 547 Sic
1035 523 1086 546 me
1110 514 1212 546 redde
1236 515 1291 545 tuo
1315 514 1402 552 nato,

1000 562 1210 595 Patriarchae
1234 560 1311 595 filia.

925 645 931 652 .
959 619 1064 660 Casta,
1086 619 1217 659 munda,
1244 619 1393 660 clemens,
1420 616 1486 657 pia,

958 668 1058 700 Porta
1075 666 1165 706 coeli,
1192 666 1278 698 vitae
1303 666 1364 705 via,

1005 714 1153 748 Paradisi
1179 714 1274 754 viola,

958 763 1008 795 Tu
1032 761 1104 795 fons
1129 762 1236 802 rigans
1262 760 1457 802 paradisum,

959 811 1079 843 Parens
1103 810 1221 841 trinum
1246 809 1419 841 indivisum

1006 858 1071 891 Sub
1098 858 1202 889 carnis
1227 857 1371 891 materia..

957 916 1040 956 Quas
1065 915 1237 948 reddamus
1261 915 1323 947 tibi
1348 914 1468 956 laudes,

959 966 1047 1003 Quae
1072 964 1113 997 de
1133 967 1246 995 nostra
1261 972 1320 1003 spe
1336 961 1526 1003 congaudes,

1008 1012 1032 1044 O
1058 1011 1212 1043 silvarum
1236 1011 1387 1051 virgula?

960 1059 1063 1099 Super
1087 1061 1175 1090 astra
1200 1058 1423 1100 conscendisti,

958 1107 1006 1139 Te
1029 1115 1108 1147 prae
1134 1107 1255 1138 cunctis
1280 1105 1458 1138 sublimasti

1007 1155 1086 1187 Tuis
1111 1154 1332 1194 participibus

617 1215 646 1248 7.
675 1213 728 1245 Sic
751 1212 784 1244 in
811 1212 898 1244 coelo
926 1212 1098 1244 dominaris

673 1261 717 1293 Et
743 1268 811 1291 cum
836 1262 910 1292 nato
936 1260 1092 1302 gloriaris,

675 1308 733 1340 Cui
752 1308 822 1339 laus
847 1310 897 1339 est
918 1306 1044 1339 infinita.

675 1357 738 1389 Per
762 1358 892 1387 aeterna
916 1356 1053 1387 saecula.

301 1433 374 1459 clm.
397 1431 502 1459 Monac·
511 1439 550 1458 en.
571 1428 677 1458 24804.
699 1439 773 1459 saec.
797 1428 839 1458 15.
860 1445 897 1449 —
918 1429 949 1464 5,
972 1429 992 1457 4
1011 1429 1163 1459 Zwischen
1183 1429 1293 1457 diesem
1312 1429 1373 1457 und
1393 1429 1458 1457 dem
1478 1428 1531 1455 fol-

234 1471 335 1506 ‚enden
363 1471 451 1498 Vs„-
483 1469 711 1505 eingefchoben:
744 1470 836 1496 Caeco
872 1469 952 1496 cordi
982 1469 1069 1497 redde
1102 1469 1208 1496 visum.
1234 1483 1272 1487 —
1300 1467 1333 1502 7,
1363 1467 1384 1495 4
1411 1469 1531 1496 aeterna

234 1509 404 1536 :aeculorum
423 1507 549 1535 saecula.

668 1600 729 1633 102.
769 1600 814 1631 Ad
834 1600 867 1631 B.
887 1600 1021 1633 Mariam
1040 1601 1076 1633 V.

228 1681 258 1715 1.
283 1681 404 1721 Regina
432 1681 521 1720 coeli,
546 1681 677 1722 laetare,

283 1729 363 1768 Quia
386 1728 475 1768 virgo
503 1737 535 1760 es
562 1731 593 1760 et
616 1731 727 1773 mater,

283 1777 374 1809 Istud
402 1776 518 1808 donum
539 1776 700 1816 singulare

282 1824 382 1857 Dedit.
404 1823 464 1855 tibi
488 1823 575 1856 Deus
600 1827 702 1864 pater.

226 1888 258 1915 2.
285 1881 330 1914 Ob
355 1884 443 1914 tuam
467 1881 678 1913 humilitatem

284 1929 370 1961 Deus
395 1929 456 1960 tibi
476 1938 591 1970 magna
615 1929 699 1974 fecit,

285 1978 344 2016 Qui
369 1985 426 2017 per
450 1986 538 2009 suam
564 1978 729 2009 caritatem

286 2025 423 2058 Salutem
450 2028 591 2057 nostram
615 2025 761 2065 perfecit.

230 2083 261 2115 23,
288 2082 398 2114 Omnia
422 2090 481 2121 per
502 2085 536 2113 te
560 2081 675 2114 refecit

286 2130 323 2161 In
347 2139 461 2170 magna
485 2130 643 2169 sapientia

286 2176 465 2217 Hostesquc
489 2179 599 2209 mortis
626 2179 721 2217 ejecit

288 2224 364 2257 Cum
387 2226 530 2264 ipsorum
555 2224 685 2261 familia.

231 2282 262 2313 4.
288 2281 386 2314 Totus
410 2283 545 2315 mundus
569 2284 768 2324 mancipatus

287 2328 368 2361 Erat
390 2331 487 2361 morti
511 2331 623 2371 culpae
647 2332 765 2372 gravis,

289 2376 353 2409 Sed
378 2380 427 2409 est
450 2387 508 2417 per
532 2381 565 2410 te
586 2379 754 2417 liberatus,

292 2425 317 2457 Ο
342 2425 457 2466 Maria,
483 2426 568 2458 vitae
594 2427 699 2460 clavis.

909 1684 939 1715 5.

907 1883 938 1916 6.

911 2083 942 2115 7.

966 1682 1011 1714 Et
1035 1689 1155 1714 vacuae
1172 1680 1252 1712 coeli
1269 1681 1362 1713 sedes

965 1728 1156 1761 Hominibus
1178 1729 1245 1768 jam
1270 1729 1445 1769 replentur,

965 1778 1028 1810 Per
1052 1780 1093 1820 te,
1121 1777 1221 1817 virgo,
1249 1778 1337 1817 cujus
1362 1778 1462 1817 pedes

966 1824 1108 1857 Adorari
1132 1828 1364 1864 promerentur.

964 1883 1027 1915 Per
1051 1885 1085 1914 te
1110 1885 1225 1914 cuncta
1249 1886 1404 1915 renovata

965 1931 1046 1963 Sunt
1069 1931 1102 1962 in
1125 1930 1220 1962 terris
1245 1933 1277 1962 et
1300 1931 1334 1962 in
1359 1930 1466 1971 caeliS‚

965 1977 1121 2010 Remedia
1147 1978 1263 2010 dantur
1288 1982 1381 2019 grata

966 2025 1129 2058 Percussis
1153 2026 1291 2058 hostium
1316 2027 1399 2061 telis,

968 2083 1031 2115 Per
1055 2086 1098 2125 te,
1126 2085 1215 2116 certa
1238 2092 1311 2124 spes
1337 2084 1459 2124 veniae,

965 2130 1045 2162 Mox
1069 2131 1213 2171 parcitur
1237 2133 1415 2172 poenitenti

966 2178 1010 2210 Et
1033 2180 1141 2219 palma
1165 2180 1283 2212 multae
1308 2181 1430 2221 gloriae

966 2225 1071 2259 Datur
1094 2227 1247 2259 mundum
1273 2228 1465 2262 devincenti.

936 2309 942 2316 .
970 2283 1133 2325 Numquid
1158 2293 1232 2326 ergo
1258 2295 1321 2318 non
1343 2286 1471 2325 juvabis

970 2331 1045 2364 Tibi
1069 2341 1139 2365 sese
1164 2332 1462 2366 commendantem?

971 2379 1081 2425 Immo,
1109 2381 1136 2412 si
1161 2381 1221 2422 vis,
1247 2382 1402 2414 liberabis

973 2428 1119 2468 Quotidie
1144 2438 1194 2461 me
1217 2433 1414 2471 peccantem.
