<?xml version="1.0" encoding="UTF-8"?>
<!DOCTYPE html PUBLIC "-//W3C//DTD XHTML 1.0 Transitional//EN"
    "http://www.w3.org/TR/xhtml1/DTD/xhtml1-transitional.dtd">
<html xmlns="http://www.w3.org/1999/xhtml" xml:lang="en" lang="en">
 <head>
  <title>
</title>
<meta http-equiv="Content-Type" content="text/html;charset=utf-8" />
  <meta name='ocr-system' content='tesseract 3.04.00' />
  <meta name='ocr-capabilities' content='ocr_page ocr_carea ocr_par ocr_line ocrx_word'/>
</head>
<body>
  <div class='ocr_page' id='page_1' title='image "./analectahymnica15drevuoft_00152.png"; bbox 0 0 1653 2668; ppageno 0'>
   <div class='ocr_carea' id='block_1_1' title="bbox 682 141 945 179">
    <p class='ocr_par' dir='ltr' id='par_1_1' title="bbox 682 141 945 179">
     <span class='ocr_line' id='line_1_1' title="bbox 682 141 945 179; baseline -0.015 1"><span class='ocrx_word' id='word_1_1' title='bbox 682 141 945 179; x_wconf 55' lang='lat'>2-149—</span> 
     </span>
    </p>
   </div>
   <div class='ocr_carea' id='block_1_2' title="bbox 152 239 1406 1837">
    <p class='ocr_par' dir='ltr' id='par_1_2' title="bbox 152 239 1406 1837">
     <span class='ocr_line' id='line_1_2' title="bbox 159 239 1275 283; baseline 0.001 -10"><span class='ocrx_word' id='word_1_2' title='bbox 159 241 214 273; x_wconf 92' lang='lat'>22.</span> <span class='ocrx_word' id='word_1_3' title='bbox 241 240 266 273; x_wconf 95' lang='grc' dir='ltr'>Ο</span> <span class='ocrx_word' id='word_1_4' title='bbox 292 239 420 273; x_wconf 81' lang='lat' dir='ltr'>medela</span> <span class='ocrx_word' id='word_1_5' title='bbox 444 241 603 282; x_wconf 85' lang='lat' dir='ltr'>sanitatis,</span> <span class='ocrx_word' id='word_1_6' title='bbox 849 244 905 277; x_wconf 84' lang='lat'>27.</span> <span class='ocrx_word' id='word_1_7' title='bbox 932 243 957 277; x_wconf 95' lang='lat' dir='ltr'>O</span> <span class='ocrx_word' id='word_1_8' title='bbox 982 243 1052 283; x_wconf 82' lang='lat' dir='ltr'>quis</span> <span class='ocrx_word' id='word_1_9' title='bbox 1077 242 1275 275; x_wconf 79' lang='lat' dir='ltr'><strong>funeralibus</strong></span> 
     </span>
     <span class='ocr_line' id='line_1_3' title="bbox 284 289 1280 332; baseline 0.002 -12"><span class='ocrx_word' id='word_1_10' title='bbox 284 297 380 329; x_wconf 82' lang='lat' dir='ltr'>quam</span> <span class='ocrx_word' id='word_1_11' title='bbox 414 290 610 331; x_wconf 85' lang='lat' dir='ltr'>magistralis</span> <span class='ocrx_word' id='word_1_12' title='bbox 634 289 787 332; x_wconf 85' lang='lat' dir='ltr'>medicus,</span> <span class='ocrx_word' id='word_1_13' title='bbox 981 290 1099 324; x_wconf 86' lang='lat' dir='ltr'>fratres</span> <span class='ocrx_word' id='word_1_14' title='bbox 1123 290 1280 323; x_wconf 86' lang='lat' dir='ltr'>interesse</span> 
     </span>
     <span class='ocr_line' id='line_1_4' title="bbox 239 336 1309 382; baseline 0.002 -13"><span class='ocrx_word' id='word_1_15' title='bbox 239 336 313 369; x_wconf 86' lang='lat' dir='ltr'>Sole</span> <span class='ocrx_word' id='word_1_16' title='bbox 338 339 427 370; x_wconf 87' lang='lat' dir='ltr'>ortus</span> <span class='ocrx_word' id='word_1_17' title='bbox 451 337 616 381; x_wconf 78' lang='lat' dir='ltr'>trinitatis,</span> <span class='ocrx_word' id='word_1_18' title='bbox 932 340 1033 382; x_wconf 81' lang='lat' dir='ltr'>Fecit,</span> <span class='ocrx_word' id='word_1_19' title='bbox 1058 339 1121 372; x_wconf 91' lang='lat' dir='ltr'>nisi</span> <span class='ocrx_word' id='word_1_20' title='bbox 1143 338 1309 380; x_wconf 84' lang='lat' dir='ltr'>Dominus,</span> 
     </span>
     <span class='ocr_line' id='line_1_5' title="bbox 284 384 1315 429; baseline 0.002 -12"><span class='ocrx_word' id='word_1_21' title='bbox 284 393 302 417; x_wconf 93' lang='lat' dir='ltr'>o</span> <span class='ocrx_word' id='word_1_22' title='bbox 329 384 459 418; x_wconf 77' lang='lat' dir='ltr'>coraula</span> <span class='ocrx_word' id='word_1_23' title='bbox 485 386 636 427; x_wconf 85' lang='lat' dir='ltr'>coelicus,</span> <span class='ocrx_word' id='word_1_24' title='bbox 977 388 1128 429; x_wconf 85' lang='lat' dir='ltr'>colligens</span> <span class='ocrx_word' id='word_1_25' title='bbox 1153 387 1188 419; x_wconf 89' lang='lat' dir='ltr'>in</span> <span class='ocrx_word' id='word_1_26' title='bbox 1212 395 1315 419; x_wconf 87' lang='lat' dir='ltr'>messe</span> 
     </span>
     <span class='ocr_line' id='line_1_6' title="bbox 233 433 1284 475; baseline 0.001 -10"><span class='ocrx_word' id='word_1_27' title='bbox 233 433 302 466; x_wconf 85' lang='lat' dir='ltr'>Fac</span> <span class='ocrx_word' id='word_1_28' title='bbox 323 434 465 473; x_wconf 80' lang='lat' dir='ltr'>gaudere</span> <span class='ocrx_word' id='word_1_29' title='bbox 489 434 642 475; x_wconf 82' lang='lat' dir='ltr'>lenitatis,</span> <span class='ocrx_word' id='word_1_30' title='bbox 931 437 1070 470; x_wconf 79' lang='lat' dir='ltr'><strong>Fructus</strong></span> <span class='ocrx_word' id='word_1_31' title='bbox 1095 435 1284 475; x_wconf 87' lang='lat' dir='ltr'>mirabilius,</span> 
     </span>
     <span class='ocr_line' id='line_1_7' title="bbox 284 483 1385 523; baseline 0.002 -10"><span class='ocrx_word' id='word_1_32' title='bbox 284 484 425 514; x_wconf 85' lang='lat' dir='ltr'>mentem</span> <span class='ocrx_word' id='word_1_33' title='bbox 451 490 527 515; x_wconf 90' lang='lat' dir='ltr'>cura</span> <span class='ocrx_word' id='word_1_34' title='bbox 552 483 691 523; x_wconf 89' lang='lat' dir='ltr'>penitus.</span> <span class='ocrx_word' id='word_1_35' title='bbox 981 484 1034 516; x_wconf 91' lang='lat' dir='ltr'>det</span> <span class='ocrx_word' id='word_1_36' title='bbox 1059 483 1151 517; x_wconf 89' lang='lat' dir='ltr'>nobis</span> <span class='ocrx_word' id='word_1_37' title='bbox 1177 487 1281 516; x_wconf 88' lang='lat' dir='ltr'>tecum</span> <span class='ocrx_word' id='word_1_38' title='bbox 1307 491 1385 516; x_wconf 85' lang='lat' dir='ltr'>esse.</span> 
     </span>
     <span class='ocr_line' id='line_1_8' title="bbox 154 567 1286 611; baseline 0 -9"><span class='ocrx_word' id='word_1_39' title='bbox 154 569 210 602; x_wconf 84' lang='lat'>23.</span> <span class='ocrx_word' id='word_1_40' title='bbox 238 567 327 611; x_wconf 83' lang='lat' dir='ltr'>Vale,</span> <span class='ocrx_word' id='word_1_41' title='bbox 357 568 584 609; x_wconf 82' lang='lat' dir='ltr'>consolaberis,</span> <span class='ocrx_word' id='word_1_42' title='bbox 846 570 902 603; x_wconf 76' lang='lat'>28.</span> <span class='ocrx_word' id='word_1_43' title='bbox 929 570 1038 611; x_wconf 72' lang='lat' dir='ltr'>Virgo.</span> <span class='ocrx_word' id='word_1_44' title='bbox 1064 573 1169 602; x_wconf 88' lang='lat' dir='ltr'>mater</span> <span class='ocrx_word' id='word_1_45' title='bbox 1189 570 1286 611; x_wconf 80' lang='lat' dir='ltr'>regia,</span> 
     </span>
     <span class='ocr_line' id='line_1_9' title="bbox 286 616 1300 658; baseline 0 -9"><span class='ocrx_word' id='word_1_46' title='bbox 286 616 500 649; x_wconf 83' lang='lat' dir='ltr'>moestissima</span> <span class='ocrx_word' id='word_1_47' title='bbox 526 617 647 658; x_wconf 82' lang='lat' dir='ltr'>dolore,</span> <span class='ocrx_word' id='word_1_48' title='bbox 977 619 1074 651; x_wconf 89' lang='lat' dir='ltr'>coelis</span> <span class='ocrx_word' id='word_1_49' title='bbox 1100 617 1137 650; x_wconf 91' lang='lat' dir='ltr'>fis</span> <span class='ocrx_word' id='word_1_50' title='bbox 1162 619 1300 657; x_wconf 77' lang='lat' dir='ltr'>invecta,</span> 
     </span>
     <span class='ocr_line' id='line_1_10' title="bbox 240 664 1254 709; baseline 0 -11"><span class='ocrx_word' id='word_1_51' title='bbox 240 665 319 698; x_wconf 85' lang='lat' dir='ltr'>Cum</span> <span class='ocrx_word' id='word_1_52' title='bbox 344 664 446 697; x_wconf 89' lang='lat' dir='ltr'>filium</span> <span class='ocrx_word' id='word_1_53' title='bbox 471 665 666 709; x_wconf 81' lang='lat' dir='ltr'>perdideris,</span> <span class='ocrx_word' id='word_1_54' title='bbox 932 667 1019 707; x_wconf 82' lang='lat' dir='ltr'>Rege</span> <span class='ocrx_word' id='word_1_55' title='bbox 1043 676 1101 699; x_wconf 90' lang='lat' dir='ltr'>nos</span> <span class='ocrx_word' id='word_1_56' title='bbox 1127 667 1254 707; x_wconf 85' lang='lat' dir='ltr'>egregia</span> 
     </span>
     <span class='ocr_line' id='line_1_11' title="bbox 285 713 1307 754; baseline -0.001 -8"><span class='ocrx_word' id='word_1_57' title='bbox 285 713 474 746; x_wconf 79' lang='lat' dir='ltr'>Certissima</span> <span class='ocrx_word' id='word_1_58' title='bbox 499 722 619 754; x_wconf 85' lang='lat' dir='ltr'>amore,</span> <span class='ocrx_word' id='word_1_59' title='bbox 978 714 1012 746; x_wconf 87' lang='lat' dir='ltr'>in</span> <span class='ocrx_word' id='word_1_60' title='bbox 1037 715 1090 747; x_wconf 81' lang='lat' dir='ltr'>via</span> <span class='ocrx_word' id='word_1_61' title='bbox 1114 717 1184 746; x_wconf 89' lang='lat' dir='ltr'>tuta</span> <span class='ocrx_word' id='word_1_62' title='bbox 1207 716 1307 754; x_wconf 90' lang='lat' dir='ltr'>recta,</span> 
     </span>
     <span class='ocr_line' id='line_1_12' title="bbox 239 761 1329 801; baseline 0 -7"><span class='ocrx_word' id='word_1_63' title='bbox 239 762 278 794; x_wconf 89' lang='lat' dir='ltr'>In</span> <span class='ocrx_word' id='word_1_64' title='bbox 304 762 424 801; x_wconf 84' lang='lat' dir='ltr'>templo</span> <span class='ocrx_word' id='word_1_65' title='bbox 449 761 535 794; x_wconf 91' lang='lat' dir='ltr'>hunc</span> <span class='ocrx_word' id='word_1_66' title='bbox 558 761 719 794; x_wconf 86' lang='lat' dir='ltr'>inveneris</span> <span class='ocrx_word' id='word_1_67' title='bbox 929 763 976 797; x_wconf 90' lang='lat' dir='ltr'>Ut</span> <span class='ocrx_word' id='word_1_68' title='bbox 1000 763 1120 795; x_wconf 87' lang='lat' dir='ltr'>munda</span> <span class='ocrx_word' id='word_1_69' title='bbox 1144 763 1329 795; x_wconf 84' lang='lat' dir='ltr'>habitacula</span> 
     </span>
     <span class='ocr_line' id='line_1_13' title="bbox 286 809 1269 850; baseline -0.001 -7"><span class='ocrx_word' id='word_1_70' title='bbox 286 809 482 850; x_wconf 85' lang='lat' dir='ltr'>disputantis</span> <span class='ocrx_word' id='word_1_71' title='bbox 507 818 606 843; x_wconf 89' lang='lat' dir='ltr'>more.</span> <span class='ocrx_word' id='word_1_72' title='bbox 976 810 1070 843; x_wconf 88' lang='lat' dir='ltr'>simus</span> <span class='ocrx_word' id='word_1_73' title='bbox 1102 812 1134 842; x_wconf 92' lang='lat' dir='ltr'>et</span> <span class='ocrx_word' id='word_1_74' title='bbox 1158 811 1269 843; x_wconf 85' lang='lat' dir='ltr'>electa.</span> 
     </span>
     <span class='ocr_line' id='line_1_14' title="bbox 153 896 1354 938; baseline 0 -8"><span class='ocrx_word' id='word_1_75' title='bbox 153 897 208 930; x_wconf 86' lang='lat'>24.</span> <span class='ocrx_word' id='word_1_76' title='bbox 237 896 262 930; x_wconf 97' lang='grc' dir='ltr'>Ο</span> <span class='ocrx_word' id='word_1_77' title='bbox 288 899 421 938; x_wconf 87' lang='lat' dir='ltr'>moesta,</span> <span class='ocrx_word' id='word_1_78' title='bbox 458 897 512 937; x_wconf 83' lang='lat' dir='ltr'>qui</span> <span class='ocrx_word' id='word_1_79' title='bbox 537 904 597 937; x_wconf 89' lang='lat' dir='ltr'>per</span> <span class='ocrx_word' id='word_1_80' title='bbox 621 897 762 930; x_wconf 87' lang='lat' dir='ltr'>triduum</span> <span class='ocrx_word' id='word_1_81' title='bbox 846 898 902 930; x_wconf 87' lang='lat'>29.</span> <span class='ocrx_word' id='word_1_82' title='bbox 929 897 980 930; x_wconf 89' lang='lat' dir='ltr'>De</span> <span class='ocrx_word' id='word_1_83' title='bbox 1000 896 1182 938; x_wconf 81' lang='lat' dir='ltr'>profundis,</span> <span class='ocrx_word' id='word_1_84' title='bbox 1207 897 1354 938; x_wconf 85' lang='lat' dir='ltr'>Domina,</span> 
     </span>
     <span class='ocr_line' id='line_1_15' title="bbox 284 944 1393 989; baseline 0 -12"><span class='ocrx_word' id='word_1_85' title='bbox 284 944 331 977; x_wconf 88' lang='lat' dir='ltr'>sic</span> <span class='ocrx_word' id='word_1_86' title='bbox 357 954 376 977; x_wconf 85' lang='lat' dir='ltr'>a</span> <span class='ocrx_word' id='word_1_87' title='bbox 401 948 434 977; x_wconf 82' lang='lat' dir='ltr'>te</span> <span class='ocrx_word' id='word_1_88' title='bbox 459 944 683 989; x_wconf 82' lang='lat' dir='ltr'>quaerebatur,</span> <span class='ocrx_word' id='word_1_89' title='bbox 978 946 1104 987; x_wconf 87' lang='lat' dir='ltr'>exaudi,</span> <span class='ocrx_word' id='word_1_90' title='bbox 1132 945 1186 986; x_wconf 88' lang='lat' dir='ltr'>qui</span> <span class='ocrx_word' id='word_1_91' title='bbox 1212 946 1393 984; x_wconf 86' lang='lat' dir='ltr'>clamamus,</span> 
     </span>
     <span class='ocr_line' id='line_1_16' title="bbox 234 992 1314 1036; baseline -0.001 -11"><span class='ocrx_word' id='word_1_92' title='bbox 234 992 345 1025; x_wconf 73' lang='lat' dir='ltr'>Dubia</span> <span class='ocrx_word' id='word_1_93' title='bbox 368 995 402 1025; x_wconf 88' lang='lat' dir='ltr'>te</span> <span class='ocrx_word' id='word_1_94' title='bbox 425 993 559 1025; x_wconf 80' lang='lat' dir='ltr'>nimium</span> <span class='ocrx_word' id='word_1_95' title='bbox 929 993 981 1026; x_wconf 85' lang='lat' dir='ltr'>Sis</span> <span class='ocrx_word' id='word_1_96' title='bbox 1007 994 1138 1026; x_wconf 80' lang='lat' dir='ltr'>auribus</span> <span class='ocrx_word' id='word_1_97' title='bbox 1161 993 1314 1036; x_wconf 78' lang='lat' dir='ltr'>propitia,</span> 
     </span>
     <span class='ocr_line' id='line_1_17' title="bbox 284 1041 1368 1082; baseline 0 -9"><span class='ocrx_word' id='word_1_98' title='bbox 284 1043 388 1074; x_wconf 90' lang='lat' dir='ltr'>morte</span> <span class='ocrx_word' id='word_1_99' title='bbox 413 1042 607 1082; x_wconf 86' lang='lat' dir='ltr'>immolatur,</span> <span class='ocrx_word' id='word_1_100' title='bbox 976 1041 1030 1081; x_wconf 87' lang='lat' dir='ltr'>qui</span> <span class='ocrx_word' id='word_1_101' title='bbox 1057 1041 1185 1074; x_wconf 88' lang='lat' dir='ltr'>vocibus</span> <span class='ocrx_word' id='word_1_102' title='bbox 1210 1050 1368 1082; x_wconf 82' lang='lat' dir='ltr'>rogamus,</span> 
     </span>
     <span class='ocr_line' id='line_1_18' title="bbox 235 1088 1286 1130; baseline -0.001 -8"><span class='ocrx_word' id='word_1_103' title='bbox 235 1089 337 1122; x_wconf 88' lang='lat' dir='ltr'>Nobis</span> <span class='ocrx_word' id='word_1_104' title='bbox 357 1088 550 1122; x_wconf 86' lang='lat' dir='ltr'>sacrificium</span> <span class='ocrx_word' id='word_1_105' title='bbox 929 1089 1083 1122; x_wconf 77' lang='lat' dir='ltr'>Servatur</span> <span class='ocrx_word' id='word_1_106' title='bbox 1100 1089 1129 1122; x_wconf 83' lang='lat' dir='ltr'>si</span> <span class='ocrx_word' id='word_1_107' title='bbox 1153 1089 1286 1130; x_wconf 85' lang='lat' dir='ltr'>malitia,</span> 
     </span>
     <span class='ocr_line' id='line_1_19' title="bbox 285 1137 1405 1179; baseline 0.001 -9"><span class='ocrx_word' id='word_1_108' title='bbox 285 1137 394 1178; x_wconf 83' lang='lat' dir='ltr'>sicque</span> <span class='ocrx_word' id='word_1_109' title='bbox 415 1137 538 1179; x_wconf 82' lang='lat' dir='ltr'>pascha</span> <span class='ocrx_word' id='word_1_110' title='bbox 564 1137 669 1171; x_wconf 85' lang='lat' dir='ltr'>datur.</span> <span class='ocrx_word' id='word_1_111' title='bbox 976 1138 1134 1170; x_wconf 87' lang='lat' dir='ltr'>nescimus</span> <span class='ocrx_word' id='word_1_112' title='bbox 1160 1147 1223 1178; x_wconf 87' lang='lat' dir='ltr'>qua</span> <span class='ocrx_word' id='word_1_113' title='bbox 1247 1137 1405 1171; x_wconf 78' lang='lat' dir='ltr'>sistamus,</span> 
     </span>
     <span class='ocr_line' id='line_1_20' title="bbox 153 1224 1213 1268; baseline -0.002 -9"><span class='ocrx_word' id='word_1_114' title='bbox 153 1226 207 1259; x_wconf 80' lang='lat'>25.</span> <span class='ocrx_word' id='word_1_115' title='bbox 237 1225 342 1265; x_wconf 88' lang='lat' dir='ltr'>Nunc,</span> <span class='ocrx_word' id='word_1_116' title='bbox 369 1225 470 1267; x_wconf 81' lang='lat' dir='ltr'>virgO,</span> <span class='ocrx_word' id='word_1_117' title='bbox 497 1224 542 1257; x_wconf 87' lang='lat' dir='ltr'>sis</span> <span class='ocrx_word' id='word_1_118' title='bbox 565 1224 750 1268; x_wconf 86' lang='lat' dir='ltr'>laet-issima,</span> <span class='ocrx_word' id='word_1_119' title='bbox 849 1225 904 1258; x_wconf 84' lang='lat'>30.</span> <span class='ocrx_word' id='word_1_120' title='bbox 935 1224 1000 1258; x_wconf 85' lang='lat' dir='ltr'>Sed</span> <span class='ocrx_word' id='word_1_121' title='bbox 1024 1224 1213 1266; x_wconf 78' lang='lat' dir='ltr'>propitiatio</span> 
     </span>
     <span class='ocr_line' id='line_1_21' title="bbox 285 1272 1406 1317; baseline -0.002 -11"><span class='ocrx_word' id='word_1_122' title='bbox 285 1275 380 1306; x_wconf 87' lang='lat' dir='ltr'>natus</span> <span class='ocrx_word' id='word_1_123' title='bbox 402 1274 470 1313; x_wconf 86' lang='lat' dir='ltr'>jam</span> <span class='ocrx_word' id='word_1_124' title='bbox 497 1273 683 1317; x_wconf 74' lang='lat' dir='ltr'>resurrexit,</span> <span class='ocrx_word' id='word_1_125' title='bbox 977 1275 1026 1305; x_wconf 82' lang='lat' dir='ltr'>est</span> <span class='ocrx_word' id='word_1_126' title='bbox 1051 1272 1138 1313; x_wconf 83' lang='lat' dir='ltr'>apud</span> <span class='ocrx_word' id='word_1_127' title='bbox 1164 1274 1206 1313; x_wconf 86' lang='lat' dir='ltr'>tc,</span> <span class='ocrx_word' id='word_1_128' title='bbox 1231 1280 1406 1313; x_wconf 62' lang='lat' dir='ltr'>speramus,</span> 
     </span>
     <span class='ocr_line' id='line_1_22' title="bbox 238 1321 1296 1363; baseline -0.003 -9"><span class='ocrx_word' id='word_1_129' title='bbox 238 1321 405 1361; x_wconf 85' lang='lat' dir='ltr'>Frangens</span> <span class='ocrx_word' id='word_1_130' title='bbox 431 1321 502 1354; x_wconf 84' lang='lat' dir='ltr'>loca</span> <span class='ocrx_word' id='word_1_131' title='bbox 527 1321 635 1354; x_wconf 85' lang='lat' dir='ltr'>tristia</span> <span class='ocrx_word' id='word_1_132' title='bbox 922 1321 1071 1361; x_wconf 86' lang='lat' dir='ltr'>Hincque</span> <span class='ocrx_word' id='word_1_133' title='bbox 1095 1321 1296 1363; x_wconf 83' lang='lat' dir='ltr'>sustentatio,</span> 
     </span>
     <span class='ocr_line' id='line_1_23' title="bbox 282 1369 1337 1412; baseline -0.002 -10"><span class='ocrx_word' id='word_1_134' title='bbox 282 1372 315 1402; x_wconf 87' lang='lat' dir='ltr'>et</span> <span class='ocrx_word' id='word_1_135' title='bbox 340 1370 445 1402; x_wconf 90' lang='lat' dir='ltr'>coelos</span> <span class='ocrx_word' id='word_1_136' title='bbox 473 1370 523 1401; x_wconf 87' lang='lat' dir='ltr'>ire</span> <span class='ocrx_word' id='word_1_137' title='bbox 549 1369 640 1412; x_wconf 80' lang='lat' dir='ltr'>dixit,</span> <span class='ocrx_word' id='word_1_138' title='bbox 974 1369 1053 1401; x_wconf 90' lang='lat' dir='ltr'>illuc</span> <span class='ocrx_word' id='word_1_139' title='bbox 1078 1377 1137 1410; x_wconf 88' lang='lat' dir='ltr'>spe</span> <span class='ocrx_word' id='word_1_140' title='bbox 1163 1377 1337 1409; x_wconf 80' lang='lat' dir='ltr'>curramus,</span> 
     </span>
     <span class='ocr_line' id='line_1_24' title="bbox 235 1417 1263 1458; baseline -0.004 -6"><span class='ocrx_word' id='word_1_141' title='bbox 235 1420 379 1452; x_wconf 87' lang='lat' dir='ltr'>Pneuma</span> <span class='ocrx_word' id='word_1_142' title='bbox 402 1427 529 1450; x_wconf 86' lang='lat' dir='ltr'>sacrum</span> <span class='ocrx_word' id='word_1_143' title='bbox 557 1417 698 1458; x_wconf 81' lang='lat' dir='ltr'>dirigens</span> <span class='ocrx_word' id='word_1_144' title='bbox 926 1418 973 1451; x_wconf 86' lang='lat' dir='ltr'>Ut</span> <span class='ocrx_word' id='word_1_145' title='bbox 997 1420 1052 1449; x_wconf 85' lang='lat' dir='ltr'>tua</span> <span class='ocrx_word' id='word_1_146' title='bbox 1078 1417 1263 1457; x_wconf 81' lang='lat' dir='ltr'>deprecatio</span> 
     </span>
     <span class='ocr_line' id='line_1_25' title="bbox 282 1465 1378 1507; baseline -0.003 -8"><span class='ocrx_word' id='word_1_147' title='bbox 282 1466 330 1499; x_wconf 88' lang='lat' dir='ltr'>sic</span> <span class='ocrx_word' id='word_1_148' title='bbox 353 1466 420 1499; x_wconf 88' lang='lat' dir='ltr'>suis</span> <span class='ocrx_word' id='word_1_149' title='bbox 445 1465 621 1499; x_wconf 81' lang='lat' dir='ltr'>benedixit.</span> <span class='ocrx_word' id='word_1_150' title='bbox 974 1474 1032 1497; x_wconf 88' lang='lat' dir='ltr'>nos</span> <span class='ocrx_word' id='word_1_151' title='bbox 1054 1466 1155 1507; x_wconf 83' lang='lat' dir='ltr'>juvet,</span> <span class='ocrx_word' id='word_1_152' title='bbox 1182 1468 1219 1497; x_wconf 88' lang='lat' dir='ltr'>ut</span> <span class='ocrx_word' id='word_1_153' title='bbox 1242 1473 1378 1497; x_wconf 88' lang='lat' dir='ltr'>oramus.</span> 
     </span>
     <span class='ocr_line' id='line_1_26' title="bbox 152 1550 1309 1593; baseline -0.005 -5"><span class='ocrx_word' id='word_1_154' title='bbox 152 1556 207 1588; x_wconf 84' lang='lat'>26.</span> <span class='ocrx_word' id='word_1_155' title='bbox 234 1553 314 1587; x_wconf 87' lang='lat' dir='ltr'>Vale</span> <span class='ocrx_word' id='word_1_156' title='bbox 339 1553 444 1593; x_wconf 80' lang='lat' dir='ltr'>nobis,</span> <span class='ocrx_word' id='word_1_157' title='bbox 472 1553 611 1593; x_wconf 87' lang='lat' dir='ltr'>domina,</span> <span class='ocrx_word' id='word_1_158' title='bbox 845 1553 901 1587; x_wconf 84' lang='lat'>31.</span> <span class='ocrx_word' id='word_1_159' title='bbox 928 1553 980 1585; x_wconf 81' lang='lat' dir='ltr'>Ab</span> <span class='ocrx_word' id='word_1_160' title='bbox 1007 1554 1080 1584; x_wconf 91' lang='lat' dir='ltr'>ortu</span> <span class='ocrx_word' id='word_1_161' title='bbox 1104 1552 1180 1584; x_wconf 90' lang='lat' dir='ltr'>solis</span> <span class='ocrx_word' id='word_1_162' title='bbox 1205 1550 1309 1585; x_wconf 86' lang='lat' dir='ltr'>Israel</span> 
     </span>
     <span class='ocr_line' id='line_1_27' title="bbox 279 1599 1313 1642; baseline -0.003 -8"><span class='ocrx_word' id='word_1_163' title='bbox 279 1603 407 1635; x_wconf 86' lang='lat' dir='ltr'>demum</span> <span class='ocrx_word' id='word_1_164' title='bbox 432 1610 466 1633; x_wconf 87' lang='lat' dir='ltr'>es</span> <span class='ocrx_word' id='word_1_165' title='bbox 493 1602 619 1642; x_wconf 89' lang='lat' dir='ltr'>datura,</span> <span class='ocrx_word' id='word_1_166' title='bbox 974 1609 1070 1641; x_wconf 79' lang='lat' dir='ltr'>usque</span> <span class='ocrx_word' id='word_1_167' title='bbox 1099 1599 1141 1632; x_wconf 84' lang='lat' dir='ltr'>acl</span> <span class='ocrx_word' id='word_1_168' title='bbox 1166 1608 1313 1632; x_wconf 72' lang='lat' dir='ltr'>occasum</span> 
     </span>
     <span class='ocr_line' id='line_1_28' title="bbox 234 1647 1335 1691; baseline -0.005 -7"><span class='ocrx_word' id='word_1_169' title='bbox 234 1650 312 1684; x_wconf 82' lang='lat' dir='ltr'>Cum</span> <span class='ocrx_word' id='word_1_170' title='bbox 338 1654 412 1690; x_wconf 87' lang='lat' dir='ltr'>post</span> <span class='ocrx_word' id='word_1_171' title='bbox 437 1650 539 1682; x_wconf 81' lang='lat' dir='ltr'>multa</span> <span class='ocrx_word' id='word_1_172' title='bbox 563 1652 711 1689; x_wconf 86' lang='lat' dir='ltr'>tempora</span> <span class='ocrx_word' id='word_1_173' title='bbox 928 1650 967 1682; x_wconf 87' lang='lat' dir='ltr'>In</span> <span class='ocrx_word' id='word_1_174' title='bbox 990 1651 1024 1680; x_wconf 93' lang='lat' dir='ltr'>te</span> <span class='ocrx_word' id='word_1_175' title='bbox 1049 1650 1159 1689; x_wconf 68' lang='lat' dir='ltr'>sperat</span> <span class='ocrx_word' id='word_1_176' title='bbox 1183 1647 1335 1691; x_wconf 63' lang='lat' dir='ltr'>michael,</span> 
     </span>
     <span class='ocr_line' id='line_1_29' title="bbox 281 1697 1322 1740; baseline -0.004 -9"><span class='ocrx_word' id='word_1_177' title='bbox 281 1698 326 1732; x_wconf 85' lang='lat' dir='ltr'>sis</span> <span class='ocrx_word' id='word_1_178' title='bbox 351 1698 428 1731; x_wconf 92' lang='lat' dir='ltr'>hinc</span> <span class='ocrx_word' id='word_1_179' title='bbox 451 1698 639 1740; x_wconf 83' lang='lat' dir='ltr'>migratura,</span> <span class='ocrx_word' id='word_1_180' title='bbox 976 1697 1082 1729; x_wconf 62' lang='lat' dir='ltr'>salvos</span> <span class='ocrx_word' id='word_1_181' title='bbox 1107 1698 1144 1728; x_wconf 85' lang='lat' dir='ltr'>ut</span> <span class='ocrx_word' id='word_1_182' title='bbox 1165 1705 1322 1737; x_wconf 87' lang='lat' dir='ltr'>occasum,</span> 
     </span>
     <span class='ocr_line' id='line_1_30' title="bbox 224 1744 1298 1788; baseline -0.003 -10"><span class='ocrx_word' id='word_1_183' title='bbox 224 1747 405 1788; x_wconf 67' lang='lat' dir='ltr'>‚Suspirans</span> <span class='ocrx_word' id='word_1_184' title='bbox 432 1746 524 1787; x_wconf 82' lang='lat' dir='ltr'>quasi</span> <span class='ocrx_word' id='word_1_185' title='bbox 549 1746 703 1787; x_wconf 80' lang='lat' dir='ltr'>languida</span> <span class='ocrx_word' id='word_1_186' title='bbox 926 1747 965 1779; x_wconf 92' lang='lat' dir='ltr'>In</span> <span class='ocrx_word' id='word_1_187' title='bbox 991 1754 1051 1785; x_wconf 77' lang='lat' dir='ltr'>quo</span> <span class='ocrx_word' id='word_1_188' title='bbox 1076 1744 1174 1785; x_wconf 85' lang='lat' dir='ltr'>friget</span> <span class='ocrx_word' id='word_1_189' title='bbox 1198 1744 1298 1788; x_wconf 89' lang='lat' dir='ltr'>Uriel,</span> 
     </span>
     <span class='ocr_line' id='line_1_31' title="bbox 280 1792 1403 1837; baseline -0.002 -9"><span class='ocrx_word' id='word_1_190' title='bbox 280 1795 382 1829; x_wconf 84' lang='lat' dir='ltr'>filium</span> <span class='ocrx_word' id='word_1_191' title='bbox 408 1797 483 1837; x_wconf 80' lang='lat' dir='ltr'>post,</span> <span class='ocrx_word' id='word_1_192' title='bbox 507 1804 594 1828; x_wconf 79' lang='lat' dir='ltr'>cura.</span> <span class='ocrx_word' id='word_1_193' title='bbox 976 1801 1016 1825; x_wconf 87' lang='lat' dir='ltr'>nc</span> <span class='ocrx_word' id='word_1_194' title='bbox 1038 1792 1152 1826; x_wconf 81' lang='lat' dir='ltr'>tendat</span> <span class='ocrx_word' id='word_1_195' title='bbox 1175 1793 1220 1826; x_wconf 78' lang='lat' dir='ltr'>ad</span> <span class='ocrx_word' id='word_1_196' title='bbox 1244 1801 1403 1826; x_wconf 78' lang='lat' dir='ltr'>occasum.</span> 
     </span>
    </p>
   </div>
   <div class='ocr_carea' id='block_1_3' title="bbox 486 1890 1088 2263">
    <p class='ocr_par' dir='ltr' id='par_1_3' title="bbox 486 1890 1088 2263">
     <span class='ocr_line' id='line_1_32' title="bbox 486 1890 1020 1933; baseline -0.006 -9"><span class='ocrx_word' id='word_1_197' title='bbox 486 1892 542 1924; x_wconf 83' lang='lat'>32.</span> <span class='ocrx_word' id='word_1_198' title='bbox 571 1890 744 1932; x_wconf 84' lang='lat' dir='ltr'>Concepta,</span> <span class='ocrx_word' id='word_1_199' title='bbox 769 1893 854 1933; x_wconf 84' lang='lat' dir='ltr'>nata,</span> <span class='ocrx_word' id='word_1_200' title='bbox 880 1890 1020 1922; x_wconf 84' lang='lat' dir='ltr'>salutata</span> 
     </span>
     <span class='ocr_line' id='line_1_33' title="bbox 566 1938 1082 1980; baseline -0.002 -8"><span class='ocrx_word' id='word_1_201' title='bbox 566 1938 724 1973; x_wconf 71' lang='lat' dir='ltr'>Montana</span> <span class='ocrx_word' id='word_1_202' title='bbox 747 1948 884 1980; x_wconf 82' lang='lat' dir='ltr'>pergens</span> <span class='ocrx_word' id='word_1_203' title='bbox 909 1938 1082 1979; x_wconf 81' lang='lat' dir='ltr'>gratitud0‚</span> 
     </span>
     <span class='ocr_line' id='line_1_34' title="bbox 569 1987 1048 2031; baseline -0.002 -11"><span class='ocrx_word' id='word_1_204' title='bbox 569 1987 755 2031; x_wconf 88' lang='lat' dir='ltr'>Assumpta,</span> <span class='ocrx_word' id='word_1_205' title='bbox 786 1992 872 2029; x_wconf 84' lang='lat' dir='ltr'>nata,</span> <span class='ocrx_word' id='word_1_206' title='bbox 899 1987 1048 2029; x_wconf 82' lang='lat' dir='ltr'>hilarata,</span> 
     </span>
     <span class='ocr_line' id='line_1_35' title="bbox 570 2036 1066 2078; baseline -0.006 -8"><span class='ocrx_word' id='word_1_207' title='bbox 570 2036 715 2070; x_wconf 83' lang='lat' dir='ltr'>Aeterna</span> <span class='ocrx_word' id='word_1_208' title='bbox 739 2045 838 2077; x_wconf 82' lang='lat' dir='ltr'>regna</span> <span class='ocrx_word' id='word_1_209' title='bbox 860 2036 1066 2078; x_wconf 85' lang='lat' dir='ltr'>speculando,</span> 
     </span>
     <span class='ocr_line' id='line_1_36' title="bbox 569 2082 1088 2127; baseline -0.004 -10"><span class='ocrx_word' id='word_1_210' title='bbox 569 2085 715 2125; x_wconf 83' lang='lat' dir='ltr'>Accepta</span> <span class='ocrx_word' id='word_1_211' title='bbox 739 2087 836 2125; x_wconf 80' lang='lat' dir='ltr'>pacta</span> <span class='ocrx_word' id='word_1_212' title='bbox 861 2086 966 2116; x_wconf 81' lang='lat' dir='ltr'>tecum</span> <span class='ocrx_word' id='word_1_213' title='bbox 991 2082 1088 2127; x_wconf 83' lang='lat' dir='ltr'>facta,</span> 
     </span>
     <span class='ocr_line' id='line_1_37' title="bbox 569 2133 941 2175; baseline -0.003 -9"><span class='ocrx_word' id='word_1_214' title='bbox 569 2133 608 2167; x_wconf 90' lang='lat' dir='ltr'>In</span> <span class='ocrx_word' id='word_1_215' title='bbox 633 2134 731 2166; x_wconf 88' lang='lat' dir='ltr'>laude</span> <span class='ocrx_word' id='word_1_216' title='bbox 754 2133 941 2175; x_wconf 84' lang='lat' dir='ltr'>regulando,</span> 
     </span>
     <span class='ocr_line' id='line_1_38' title="bbox 566 2181 907 2223; baseline -0.003 -9"><span class='ocrx_word' id='word_1_217' title='bbox 566 2182 700 2222; x_wconf 73' lang='lat' dir='ltr'>Quosvis</span> <span class='ocrx_word' id='word_1_218' title='bbox 725 2184 782 2215; x_wconf 81' lang='lat' dir='ltr'>tua</span> <span class='ocrx_word' id='word_1_219' title='bbox 803 2181 907 2223; x_wconf 79' lang='lat' dir='ltr'>gratia</span> 
     </span>
     <span class='ocr_line' id='line_1_39' title="bbox 565 2229 927 2263; baseline 0 0"><span class='ocrx_word' id='word_1_220' title='bbox 565 2229 704 2263; x_wconf 85' lang='lat' dir='ltr'>Inducas</span> <span class='ocrx_word' id='word_1_221' title='bbox 728 2232 762 2262; x_wconf 88' lang='lat' dir='ltr'>te</span> <span class='ocrx_word' id='word_1_222' title='bbox 790 2230 927 2263; x_wconf 75' lang='lat' dir='ltr'>affando.</span> 
     </span>
    </p>
   </div>
   <div class='ocr_carea' id='block_1_4' title="bbox 146 2323 1470 2403">
    <p class='ocr_par' dir='ltr' id='par_1_4' title="bbox 146 2323 1470 2403">
     <span class='ocr_line' id='line_1_40' title="bbox 224 2323 1470 2362; baseline -0.004 -3"><span class='ocrx_word' id='word_1_223' title='bbox 224 2330 295 2359; x_wconf 78' lang='lat' dir='ltr'>God.</span> <span class='ocrx_word' id='word_1_224' title='bbox 310 2329 453 2357; x_wconf 79' lang='lat' dir='ltr'>Graecen.</span> <span class='ocrx_word' id='word_1_225' title='bbox 474 2325 540 2356; x_wconf 84' lang='lat'>347.</span> <span class='ocrx_word' id='word_1_226' title='bbox 563 2334 639 2356; x_wconf 85' lang='lat' dir='ltr'>saec.</span> <span class='ocrx_word' id='word_1_227' title='bbox 663 2324 709 2355; x_wconf 81' lang='lat'>14.</span> <span class='ocrx_word' id='word_1_228' title='bbox 728 2340 768 2345; x_wconf 92' lang='lat'>—-</span> <span class='ocrx_word' id='word_1_229' title='bbox 789 2324 814 2360; x_wconf 85' lang='lat'>1,</span> <span class='ocrx_word' id='word_1_230' title='bbox 840 2323 857 2354; x_wconf 81' lang='grc'><strong><em>2</em></strong></span> <span class='ocrx_word' id='word_1_231' title='bbox 871 2333 1011 2354; x_wconf 68' lang='lat' dir='ltr'>reserare.</span> <span class='ocrx_word' id='word_1_232' title='bbox 1032 2341 1072 2346; x_wconf 76' lang='lat'>—</span> <span class='ocrx_word' id='word_1_233' title='bbox 1085 2324 1111 2360; x_wconf 83' lang='lat'>5,</span> <span class='ocrx_word' id='word_1_234' title='bbox 1135 2323 1149 2353; x_wconf 91' lang='lat'>1</span> <span class='ocrx_word' id='word_1_235' title='bbox 1168 2325 1318 2362; x_wconf 83' lang='lat' dir='ltr'>Singulae.</span> <span class='ocrx_word' id='word_1_236' title='bbox 1334 2341 1370 2345; x_wconf 91' lang='lat'><strong>—</strong></span> <span class='ocrx_word' id='word_1_237' title='bbox 1386 2323 1430 2360; x_wconf 82' lang='lat'>29,</span> <span class='ocrx_word' id='word_1_238' title='bbox 1453 2324 1470 2354; x_wconf 85' lang='lat'>5</span> 
     </span>
     <span class='ocr_line' id='line_1_41' title="bbox 146 2364 1040 2403; baseline -0.008 -4"><span class='ocrx_word' id='word_1_239' title='bbox 146 2370 288 2399; x_wconf 85' lang='lat' dir='ltr'>Servatur</span> <span class='ocrx_word' id='word_1_240' title='bbox 307 2377 321 2397; x_wconf 83' lang='lat' dir='ltr'>s</span> <span class='ocrx_word' id='word_1_241' title='bbox 341 2367 467 2396; x_wconf 81' lang='lat' dir='ltr'>malitia.</span> <span class='ocrx_word' id='word_1_242' title='bbox 488 2382 526 2385; x_wconf 97' lang='lat'><strong>—</strong></span> <span class='ocrx_word' id='word_1_243' title='bbox 547 2364 593 2400; x_wconf 84' lang='lat'>29,</span> <span class='ocrx_word' id='word_1_244' title='bbox 615 2364 632 2394; x_wconf 89' lang='lat'><strong>6</strong></span> <span class='ocrx_word' id='word_1_245' title='bbox 653 2365 801 2394; x_wconf 83' lang='lat' dir='ltr'>nescimus</span> <span class='ocrx_word' id='word_1_246' title='bbox 819 2365 1040 2403; x_wconf 81' lang='lat' dir='ltr'>qualicstamus.</span> 
     </span>
    </p>
   </div>
  </div>
 </body>
</html>
