1653 2668
204 227 260 259 25,

206 635 259 666 26.

206 1041 261 1072 27.

205 1450 261 1482 28.

206 1859 261 1891 29.

725 121 985 157 —118-

285 222 456 259 Vetustum
478 231 593 255 manna
616 220 739 252 novitas

332 272 419 305 Tuae
442 271 563 311 gratiae
584 268 744 306 terminat,

288 321 478 361 Figurarum
502 315 672 356 antiquitas

332 366 428 407 Fugit
451 368 483 397 ct
506 365 560 396 lux
583 362 743 395 illuminat

286 415 387 452 Nova,
412 422 488 453 quos
513 413 567 443 lex
592 408 789 442 discriminat

333 461 433 500 Nova,
459 460 562 491 cessat
586 457 775 493 obscuritaS,

285 511 413 548 Purgat,
439 507 580 548 mundat,
607 505 764 536 illuminat

330 555 472 595 Antiqua
495 562 576 586 nova
602 553 741 584 claritas.

288 629 433 665 Summus
458 628 575 662 artifex
600 629 736 661 omnium

331 678 378 711 Te
401 677 560 717 providet,
586 686 641 709 vas
665 675 783 715 nobile,

286 726 349 759 Vas
376 725 514 765 dignum,
541 733 596 756 vas
622 725 790 765 egregium,

332 773 396 805 Vas
419 775 552 813 gratum,
577 781 633 804 vas
651 771 822 812 laudabile,

285 822 351 854 Vas
377 820 497 851 eunctis
521 819 702 852 venerabile

335 867 488 909 Famulis,
513 869 549 899 ut
574 867 710 899 edulium

287 915 452 949 Ministres
479 915 667 948 delectabile

331 964 512 1003 Panemque
537 963 617 994 coeli
642 963 765 995 civium.

287 1037 337 1073 Tu
361 1039 523 1070 ministras
548 1038 726 1071 hominibus

331 1087 448 1120 Verum
471 1095 584 1126 panem
610 1087 802 1127 angelorum,

286 1135 362 1167 Tuis
387 1136 495 1166 natum
520 1133 694 1167 visceribus

334 1182 398 1215 Pro
423 1182 526 1213 salute
548 1184 762 1223 peecatorum,

287 1230 351 1262 Hie
376 1231 423 1260 est
447 1230 539 1269 panis
565 1229 719 1261 viatorum

336 1277 419 1311 Solis
445 1277 536 1309 datus
564 1276 712 1309 fidelibus

284 1326 347 1357 Hic
370 1326 418 1356 est
440 1325 532 1364 panis
556 1323 703 1364 filiorum,

331 1372 392 1413 Qui
407 1381 470 1404 non
483 1375 533 1404 est
544 1372 668 1405 dandus
681 1371 822 1405 canibus

287 1445 382 1487 Ecce,
409 1448 501 1487 panis
528 1448 738 1486 dulcissimus,

329 1495 432 1534 Ecce,
458 1496 550 1536 panis
576 1496 825 1538 amplectendus,

283 1544 379 1583 Ecce,
405 1544 497 1583 panis
521 1543 757 1585 pinguissimuS,

331 1590 427 1631 Ecce,
453 1592 544 1631 panis
572 1592 760 1634 diligendus,

285 1639 381 1678 Ecce,
407 1639 499 1678 panis
523 1640 722 1683 recolendus,

332 1686 427 1726 Ecce,
454 1687 546 1726 panis
571 1688 779 1729 peroptimus,

290 1734 386 1767 Cibus
412 1735 533 1767 cunctis
558 1734 788 1774 praeferendus

336 1782 380 1814 Et
392 1791 471 1822 prae
484 1783 606 1815 cunctis
619 1783 827 1823 gratissimus¹

289 1856 384 1892 Cibus
405 1858 466 1890 iste
490 1868 548 1892 nos
572 1858 684 1899 reficit,

334 1906 472 1939 Recreat
497 1909 529 1939 et
552 1910 720 1948 regenerat

291 1954 423 1994 Sibiqne
445 1957 584 1987 mentem
608 1955 719 1994 allicit,

335 2001 455 2042 Dirigit
480 2005 510 2034 et
534 2001 749 2045 confoederat,

290 2050 391 2082 Omne
414 2049 531 2082 bonum
556 2054 706 2091 exagerat

337 2096 383 2129 Et
405 2106 497 2129 omne
520 2098 637 2130 malum
662 2099 782 2141 abjicit,

288 2144 407 2186 Vincit,
433 2150 545 2186 regnat
569 2148 602 2177 et
624 2146 771 2187 imperat,

338 2192 453 2235 Auget,
480 2193 539 2225 alit
564 2195 596 2225 et
619 2194 755 2234 perficit.

210 2259 264 2292 30.
289 2256 393 2292 Vivus
417 2261 509 2299 panis
536 2263 568 2293 et
591 2261 708 2303 vitalis,

326 2307 388 2340 Via
410 2308 529 2341 veritas
555 2311 588 2340 et
610 2310 687 2351 vita,

293 2354 355 2386 Est
380 2354 433 2386 hic
456 2357 548 2396 panis
572 2357 761 2390 immortalis

340 2401 385 2434 Et
407 2402 533 2436 bonitas
556 2403 690 2446 infinita,

883 437 938 471 31.

884 848 939 881 32.

884 1259 940 1292 33.

887 1670 943 1703 34.

890 2072 945 2105 35,

962 218 1029 257 Quo
1053 215 1192 256 refulget
1214 213 1417 256 praemunita

1015 264 1107 296 Nova
1130 272 1249 303 sponsa
1272 260 1439 303 spiritalis,

968 312 1137 353 synagoga
1162 309 1293 343 definita

1015 359 1106 392 Perit
1130 361 1160 389 et
1186 358 1300 390 umbra
1323 355 1448 397 legalis.

964 433 1083 470 Manna
1108 436 1212 465 cessat
1237 436 1269 465 et
1293 432 1431 464 coelicus

1011 483 1114 515 Nobis
1135 481 1228 522 panis
1252 479 1455 523 proponitur,

965 531 1061 564 Panis
1087 538 1181 563 verus
1205 528 1351 561 vivificus

1012 578 1113 610 Nobis
1140 577 1181 609 de
1202 577 1290 609 coelo
1315 576 1463 616 mittitur,

966 625 1155 659 Christianis
1179 625 1366 657 conceditur

1015 674 1097 706 Solis
1122 673 1215 713 panis
1241 672 1294 705 hic
1318 671 1463 714 pisticus,

966 722 1085 761 Quibus
1113 721 1286 753 communis
1310 719 1453 752 traditur

1012 770 1114 802 Verus
1136 769 1229 809 panis
1254 768 1427 808 angelicus,

965 843 1086 880 Beatus
1111 845 1318 877 tabernaculo

1015 894 1144 934 Moyses
1169 893 1293 934 virgam
1318 892 1426 932 posuit

965 942 1086 982 Aaron,
1112 941 1171 972 sed
1194 950 1254 981 pro
1279 940 1373 972 titulo

1013 988 1197 1023 Sacerdotis
1226 998 1308 1029 quae
1332 986 1488 1029 fronduit,

967 1037 1105 1078 Floruit,
1133 1035 1273 1068 fructum
1298 1035 1412 1068 habuit

1012 1084 1166 1118 Evidenti
1189 1084 1354 1124 miraculo,

968 1132 1152 1165 Sacerdotis
1178 1132 1317 1164 obtinuit

1016 1181 1074 1213 Jus
1098 1179 1209 1213 Aaron
1229 1180 1265 1212 in
1288 1179 1418 1221 populo.

968 1254 1063 1297 Ecce,
1089 1256 1185 1290 valde
1208 1256 1367 1290 mirabilis

1014 1305 1079 1337 Res
1104 1306 1136 1337 et
1159 1305 1309 1338 miranda
1332 1304 1471 1345 penitus,

966 1350 1080 1384 Floret
1103 1352 1230 1385 siccitas
1253 1352 1383 1392 sterilis,

1015 1400 1126 1441 Gignit
1145 1401 1231 1433 sicca
1251 1400 1417 1441 sterilitas,

967 1449 1113 1481 Parturit
1136 1449 1246 1489 virgae
1270 1448 1409 1489 siccitas,

1014 1496 1169 1529 Fructum
1192 1500 1303 1537 portat
1328 1498 1361 1528 et
1385 1495 1501 1529 fertilis

968 1543 1121 1577 Efficitur
1143 1545 1309 1587 sterilitas,

1016 1592 1090 1625 Non
1115 1591 1178 1625 fuit
1202 1596 1277 1625 ante
1301 1592 1424 1625 similis.

971 1666 1071 1703 Notat
1095 1669 1186 1709 virga
1208 1668 1370 1712 florigera,

1015 1717 1102 1756 Quae
1126 1719 1261 1749 naturae
1285 1726 1349 1749 non
1374 1726 1472 1758 opere

968 1763 1121 1797 Efficitur
1145 1763 1324 1805 fructifera,

1019 1812 1084 1845 Sed
1106 1821 1187 1853 puro
1209 1813 1270 1845 Dei
1294 1822 1436 1855 munere,

971 1860 1062 1900 Quod
1089 1860 1228 1893 debebas
1252 1861 1431 1902 concipere,

1017 1908 1127 1949 Virgo,
1153 1918 1237 1942 nova
1260 1918 1431 1951 puerpera,

973 1956 1099 1989 Novum
1124 1955 1264 1989 fructum
1290 1959 1323 1989 et
1342 1967 1468 1999 parere,

1019 2004 1097 2037 Post
1120 2007 1249 2044 partum
1275 2006 1366 2046 virgo
1390 2006 1503 2041 libera.

971 2068 1068 2112 Ecce,
1095 2080 1171 2104 vere
1195 2072 1285 2113 virgo
1311 2081 1428 2112 parens

1022 2119 1218 2152 Germinasti
1244 2120 1350 2160 campi
1371 2119 1493 2163 florem,

973 2167 1035 2199 Dei
1059 2167 1162 2208 patris
1183 2168 1281 2201 verbo
1307 2177 1426 2210 parens

1019 2215 1137 2248 Mundi
1160 2216 1249 2256 paris
1278 2216 1472 2250 salvatorem

973 2263 1191 2304 Puritatisque
1216 2265 1364 2297 decorem

1020 2311 1093 2344 Non
1118 2312 1250 2353 amittis,
1273 2312 1369 2345 sorde
1395 2322 1519 2356 carens,

976 2359 1126 2392 Caritatis
1149 2358 1257 2392 fundis
1282 2368 1398 2401 rorem,

1023 2407 1089 2446 Quo
1107 2406 1230 2447 rigatur
1253 2407 1390 2440 mundus
1414 2419 1519 2445 arens.
