1653 2668
203 218 258 250 30.

210 625 264 658 31.

209 1030 265 1064 32.

211 1436 265 1468 33.

213 1844 268 1878 34.

219 2253 272 2284 35.

720 117 982 151 -164—

285 217 419 250 Praesul
443 225 502 256 par
523 215 686 257 apostolis,

332 275 350 298 o
373 265 482 297 sancte
503 263 655 303 Martine,

288 313 341 345 Ad
366 313 469 345 Deum
494 313 526 343 et
548 310 689 342 homines

334 361 404 393 viae
429 368 547 399 sequax
569 357 673 397 binae,

289 408 346 440 Cui
368 415 430 439 non
453 407 628 439 nocuerant

338 454 526 487 infestantes
551 453 665 494 minae,

286 502 375 543 Roga
398 501 512 541 Deum,
536 500 639 533 salvet
662 507 719 532 nos

337 559 358 582 a
380 550 475 589 lapsu
497 548 618 581 ruinae.

290 624 423 657 Nicolae
446 621 600 663 pontifex,

338 672 391 712 qui
415 673 480 702 tres
505 670 650 702 liberasti

289 719 338 751 De
358 718 469 750 mortis
494 718 639 758 angustia

337 769 368 798 et
390 767 457 797 tres
480 765 639 797 maritasti

287 813 486 845 Inconsultas
511 812 661 852 virgines,

336 868 447 900 preces
470 868 589 891 summo
614 858 710 899 plasti

290 908 414 949 Funde,
442 907 526 947 quod
551 906 590 939 ab
616 915 672 938 ore
695 914 752 937 nos

337 956 444 987 servet,
466 954 554 986 lacus
578 954 670 988 vasti,

292 1029 466 1062 Benedicte
489 1029 615 1070 nobilis,

340 1076 564 1109 monachorum
590 1077 705 1116 lumen,

288 1125 346 1164 Qui
371 1132 573 1163 compescens
598 1123 747 1155 Satanam

338 1170 442 1203 carnis
466 1179 525 1210 per
548 1171 693 1211 legumen

289 1218 458 1260 Asperum,
483 1227 631 1250 oraveras

338 1265 492 1297 trinitatis
516 1274 641 1308 numen,

289 1313 378 1353 Roga
401 1312 514 1355 Deum,
539 1316 571 1344 et
594 1321 651 1345 nos
676 1321 739 1344 non

339 1360 528 1399 comprimat
549 1360 683 1392 alumen.

290 1436 314 1468 O
341 1434 504 1467 confessor
526 1435 653 1476 nobilis,

339 1481 485 1523 pontifex
508 1482 689 1525 Edmunde,

294 1531 357 1563 Pro
384 1530 504 1564 Christi
529 1531 663 1563 ecclesia

337 1576 503 1617 perferens
528 1578 655 1611 abunde

295 1625 451 1657 Damnum
477 1628 509 1656 et
534 1626 689 1666 exsilium,

341 1681 454 1713 preces
478 1672 546 1705 Deo
572 1672 680 1714 funde,

294 1720 345 1753 Ne
369 1720 464 1752 morti
488 1723 561 1760 post
585 1721 705 1754 obitum

344 1768 508 1800 tradamur
533 1770 703 1803 secundae.

296 1844 421 1884 sequax
446 1844 657 1887 castimoniae,

347 1893 458 1924 sancte
480 1894 608 1932 praesul
629 1895 733 1937 Hugo,

297 1939 394 1978 Quem
418 1948 481 1971 non
504 1940 726 1980 inquinaverat

343 1987 465 2019 titilans
489 1987 615 2033 lanugo,

296 2035 373 2075 Fae,
400 2035 484 2074 quod
508 2038 619 2069 nostra
642 2045 716 2070 rasa
740 2037 782 2069 sit

345 2082 484 2114 criminis
510 2081 648 2127 ferrugo,

297 2129 347 2162 Ne
370 2132 445 2170 post
467 2134 602 2163 mortem
627 2131 762 2164 animam

346 2178 494 2210 corrodat
519 2187 645 2220 aerugO.

298 2253 492 2286 Recusantes
517 2257 623 2289 terrea

348 2302 450 2334 sancti
475 2301 681 2343 confessores,

302 2347 557 2388 Contemplantes
583 2353 702 2385 coelica

349 2396 452 2429 earnis
479 2401 721 2441 contemptores,

885 434 941 466 36.

886 842 941 874 37.

889 1250 943 1283 38.

892 1660 948 1692 39.

896 2069 952 2101 40.

967 212 1090 252 Facite,
1117 211 1202 251 quod
1228 210 1372 241 conterat

1011 261 1136 291 nostros
1160 258 1366 291 subversores

975 306 1131 349 Christus,
1157 306 1211 347 qui
1234 313 1292 337 nos
1317 304 1477 336 redimens

1018 354 1148 386 sustulit
1173 353 1309 386 dolores.

968 431 992 464 Ο
1019 439 1085 473 vos,
1114 430 1217 462 sancti
1241 428 1398 471 monachi,

1017 477 1166 510 laudibus
1191 476 1365 516 adstantes,

963 527 1026 559 Pro
1050 525 1142 557 nobis
1168 527 1199 557 et
1224 524 1339 556 ceteris

1019 575 1094 607 vota
1117 573 1186 605 Deo
1213 571 1335 613 dantes,

969 622 1031 654 Per
1054 622 1162 652 vestra
1188 617 1338 659 suffragia

1012 668 1082 699 sitis
1106 676 1163 699 nos
1188 666 1359 705 salvantes,

966 715 1017 747 Ne
1041 715 1102 747 hoc
1126 714 1206 746 mari
1228 711 1327 745 fluido

1012 762 1108 794 simus
1133 760 1368 800 naufragantes.

969 840 994 872 Ο
1022 837 1150 879 fugaces
1174 837 1337 870 hominum

1013 886 1107 918 mites
1132 884 1291 927 eremitae,

967 934 1158 966 Habitantes
1183 940 1331 972 eremum,

1016 984 1052 1013 ut
1076 981 1203 1020 sepulta
1226 979 1283 1011 lite

966 1028 1041 1061 Toti
1069 1028 1139 1060 sitis
1166 1029 1326 1066 compotes

1018 1074 1263 1115 contemplantis
1287 1075 1382 1115 vitae,

970 1124 1033 1155 Per
1057 1132 1113 1155 vos
1137 1122 1238 1155 hostis
1265 1125 1373 1155 careat

1013 1173 1124 1203 nostra
1148 1169 1319 1203 Sunamite.

972 1246 1226 1286 Contemplatrix
1249 1245 1387 1278 coelicae

1017 1294 1103 1326 vitae
1126 1292 1330 1335 Magdalena,

969 1341 1150 1374 Laudanda
1173 1340 1379 1381 peccantibus

1025 1389 1110 1421 dulci
1137 1398 1206 1420 cum
1232 1397 1391 1432 camoena,

973 1437 1038 1470 Ubi
1063 1439 1179 1469 sonant
1203 1445 1331 1477 organa,

1021 1487 1128 1517 cantat
1152 1484 1345 1524 philomena,

971 1534 1035 1565 Per
1060 1535 1092 1564 te
1116 1541 1174 1564 nos
1199 1532 1354 1572 suscipiat

1021 1579 1166 1613 Christus
1192 1579 1234 1613 ad
1259 1588 1400 1613 amoena.

976 1657 1061 1697 Quae
1086 1656 1193 1689 vicisti
1215 1656 1359 1689 rhetores

1022 1704 1207 1745 quaestione
1230 1706 1326 1747 mota,

974 1752 1164 1792 Katharina,
1190 1751 1298 1784 ferrea

1022 1808 1114 1840 quam
1140 1799 1311 1840 torquebat
1334 1803 1415 1844 rota,

975 1848 1039 1880 Pro
1064 1847 1156 1879 nobis
1181 1847 1380 1888 supplicibus

1025 1894 1151 1927 Christo
1176 1894 1277 1928 funde
1303 1898 1386 1940 vota,

976 1942 1023 1975 Ut
1044 1943 1087 1974 sit
1111 1952 1131 1975 a
1154 1943 1329 1975 tortoribus

1024 1990 1130 2023 anima
1152 1993 1283 2024 semota.

978 2067 1076 2107 Virgo
1100 2066 1166 2100 fide
1190 2067 1325 2111 stabilis,

1026 2115 1143 2148 Sancta
1167 2116 1362 2159 Margareta,

978 2164 1112 2196 Hostem
1136 2172 1291 2205 spernens
1315 2165 1470 2206 invidum,

1025 2211 1145 2243 virtute
1169 2212 1304 2254 repleta,

983 2258 1099 2299 Rogita
1124 2260 1335 2303 elementiam,

1033 2307 1122 2347 cujus
1148 2318 1211 2341 non
1237 2310 1286 2341 est
1310 2311 1404 2350 meta,

981 2354 1028 2387 Ut
1050 2355 1151 2396 iniqui
1172 2356 1292 2397 judicis

1030 2403 1134 2436 salvet
1157 2414 1215 2438 nos
1241 2413 1261 2437 a
1284 2405 1382 2439 theta.
