1653 2668
701 138 933 173 -27-„

165 236 198 269 3.
224 236 333 269 Solum
357 244 475 277 quaero
498 238 533 268 te
560 236 711 270 dilectum

221 285 314 317 Intra
337 284 446 316 cordis
470 285 532 316 mei
557 284 685 327 lectum,

221 332 294 364 Non
322 331 462 364 declines
486 332 544 365 sed
569 332 709 375 intende,

219 378 304 412 Mihi
327 378 444 412 faciem
469 380 614 421 ostende,

222 427 309 467 Quae
335 430 382 459 est
406 428 505 467 plena
528 429 713 469 gratiarum,

222 476 370 509 Omnium
398 475 594 516 deliciarum,

222 523 321 563 Quem
346 524 459 557 videre
484 526 533 556 est
556 532 734 564 amoenum,

221 571 305 603 Nam
331 572 490 605 suavitate
513 573 653 612 plenum.

161 631 192 662 4.
221 630 301 671 Ave,
328 629 416 670 Jesu,
440 629 534 670 panis
558 630 660 670 vivus,

221 677 338 716 Melos,
363 678 454 720 odor,
479 678 585 710 mellis
608 678 708 717 rivus,

221 726 302 766 Ave,
328 725 416 765 Jesu,
443 726 532 766 pacis
560 726 686 765 donum,

225 773 327 814 Salus,
355 774 466 813 honor,
492 782 646 806 summum
665 773 790 813 bonum,

223 821 323 853 Verus
349 821 448 862 Deus,
473 829 567 853 verus
595 822 698 862 homo,

222 869 296 901 Tibi
321 870 435 910 psalm,
463 869 523 901 tibi
547 878 670 911 promo,

221 917 268 949 Te
294 917 440 950 collaudo
466 926 554 960 voce,
581 921 666 958 voto,

223 965 297 1005 Ore,
325 965 431 998 cordis
457 965 528 998 nisu
551 968 628 1000 toto.

164 1025 193 1056 5-
221 1024 301 1066 Ave,
331 1023 427 1055 decus
453 1023 637 1063 angelorum

222 1070 445 1111 Gaudiumque
468 1079 690 1111 supernorum,

220 1119 291 1159 Via,
317 1119 436 1152 veritas
462 1122 494 1151 et
518 1119 596 1160 vita,

223 1167 294 1199 Lux
315 1168 349 1199 in
377 1166 457 1199 coeli
481 1175 579 1207 regno
605 1166 676 1206 sita,

221 1214 309 1255 Jesu,
335 1215 425 1255 pacis
449 1214 618 1255 mediator,

220 1263 269 1295 Tu
293 1262 479 1303 redemptor
502 1271 541 1294 ac
566 1264 701 1303 creator,

221 1310 354 1351 Semper
379 1313 415 1343 tu
439 1310 595 1352 amabilis,

219 1359 320 1391 Totus
345 1358 579 1391 desiderabilis.

163 1418 194 1450 6.
223 1417 302 1455 Ave,
328 1416 492 1455 speculum
516 1418 699 1448 sanctorum

221 1464 265 1497 Et
291 1472 409 1496 corona
433 1463 609 1503 beatorum,

221 1513 310 1552 JeSU,
336 1513 429 1552 pater
454 1511 668 1552 orphanorum

218 1560 264 1592 Et
288 1560 460 1592 mundator
485 1561 698 1599 peccatorum,

220 1608 268 1640 Te
291 1608 430 1641 adorans
455 1607 488 1639 in
514 1609 546 1638 te
572 1607 678 1649 credo,

221 1658 331 1695 Amor,
355 1655 487 1696 jubilus,
516 1655 661 1697 dulcedo,

218 1705 272 1737 Ad
298 1707 330 1736 te
356 1704 458 1736 clamo
483 1706 551 1735 toto
577 1702 684 1743 corde,

221 1752 395 1785 Criminum
420 1760 471 1784 me
494 1751 614 1784 munda
638 1751 745 1783 sorde.

160 1812 190 1843 7.
219 1811 300 1851 Ave,
327 1819 426 1850 agnus
452 1810 643 1850 immolatus,

218 1858 394 1899 Tamquam
418 1857 502 1891 latro
522 1857 696 1898 judicatus,

217 1906 315 1939 Duris
341 1907 442 1946 spinis
469 1908 648 1947 coronatus,

217 1954 341 1997 Nudus,
367 1963 488 1995 caesus,
513 1955 711 1997 vulneratus,

852 1224 905 1258 10.

850 1616 904 1650 11.

932 236 1050 268 Passus
1076 243 1120 276 es,
1145 243 1187 266 ne
1209 235 1380 275 patiamur,

932 283 1089 326 Mortuus,
1115 290 1157 315 ne
1182 282 1373 324 moriamur3

932 332 1026 372 Agne
1049 331 1122 372 Dei,
1147 332 1182 362 tu
1207 339 1281 371 spes
1306 330 1363 370 rei,

932 380 1091 412 Miserere
1114 380 1168 419 pie
1190 378 1266 410 mei.

933 437 1021 477 Jesu,
1048 437 1192 477 agonista
1216 434 1320 476 fortis,

932 485 1059 517 Memor
1084 487 1150 517 esto
1176 487 1249 517 tuae
1273 484 1403 523 mortis3

931 533 1022 566 Mors
1047 534 1178 565 aeterna
1200 541 1265 565 non
1284 540 1336 564 me
1353 533 1474 574 gravet,

933 580 1067 621 Sanguis
1092 583 1164 613 tuus
1190 579 1318 613 foedum
1342 580 1439 623 lavet,

932 629 1094 661 Mundans
1118 629 1204 661 intus
1228 637 1279 660 me
1303 637 1341 660 ac
1365 626 1454 668 foris,

933 676 978 708 Et
1001 679 1046 717 tu,
1072 676 1159 716 Jesu,
1185 675 1258 709 fons
1282 676 1410 714 amoris,

935 723 1048 756 Cordis
1073 725 1121 756 tui
1147 725 1187 756 de
1211 724 1334 765 piscina

935 772 1019 804 Mihi
1043 773 1191 813 poculum
1216 772 1363 814 propina.

902 857 907 862 .
936 829 1033 871 Cujus
1057 829 1173 862 haustu
1199 833 1385 870 creatorem,

933 877 1067 910 Dulcem
1091 887 1193 910 meum
1218 879 1463 919 redemptorem,

932 926 1072 966 Diligam
1098 928 1131 957 te
1156 935 1253 966 super
1278 929 1391 959 cuncta

932 974 1179 1014 Proximumque
1202 975 1274 1014 lege
1295 974 1425 1015 juncta,

933 1023 1021 1062 Jesu,
1047 1022 1091 1054 mi
1118 1021 1244 1062 dilecte,
1270 1022 1346 1054 audi

932 1070 1156 1103 Intendentem
1181 1072 1256 1102 tuae
1279 1070 1369 1102 laudi

934 1117 1074 1151 Caritate
1100 1127 1170 1150 cum
1195 1116 1352 1160 perfecta,

934 1165 1012 1198 Cum
1037 1174 1095 1206 spe
1118 1165 1220 1207 firma,
1247 1163 1312 1198 fide
1336 1168 1435 1206 recta,

933 1222 1064 1255 Sincera
1091 1221 1279 1264 cognitione,

932 1272 1051 1305 Intima
1075 1271 1267 1304 contritione

931 1319 1079 1359 Puraque
1108 1317 1306 1352 confessione

932 1367 1064 1408 Oleique
1087 1367 1246 1408 unctione,

932 1415 1095 1447 Virtutum
1119 1414 1329 1455 perfectione,

932 1463 1001 1496 Tua
1026 1463 1250 1503 consolatione,

928 1510 1053 1543 Dextra
1077 1513 1131 1543 tua
1155 1520 1207 1543 me
1233 1510 1370 1544 defende

931 1558 1029 1601 Fove,
1056 1567 1141 1600 rege,
1170 1567 1224 1592 cor
1247 1560 1398 1594 accende.

933 1615 1051 1650 Confer
1074 1616 1152 1649 mihi
1177 1615 1271 1649 finem
1297 1617 1423 1657 bonum,

930 1663 976 1697 Ut
1000 1672 1059 1704 per
1082 1665 1144 1697 hoc
1168 1665 1280 1697 salutis
1307 1665 1422 1699 donum

931 1712 1060 1745 Merear
1085 1716 1117 1744 te
1141 1722 1297 1746 summum
1322 1713 1439 1746 bonum

931 1761 982 1793 Ac
1007 1761 1152 1793 coelestis
1176 1762 1267 1802 regni
1291 1763 1457 1803 thronum3

932 1809 1018 1849 Vita,
1045 1810 1141 1850 salus,
1166 1810 1277 1842 mundi
1301 1819 1386 1852 vere,

931 1857 1018 1899 Jesu,
1045 1857 1107 1889 mei
1131 1857 1301 1899 miserere3

933 1905 1005 1938 Hoc
1029 1903 1140 1938 confer
1163 1906 1276 1939 salutis
1301 1916 1425 1949 munuS,

930 1954 991 1994 Qui
1015 1962 1130 1995 regnas
1154 1954 1258 1987 trinus
1284 1959 1316 1988 et
1338 1965 1430 1990 unuS.

235 2021 324 2050 Scala
342 2021 419 2050 coeli
439 2029 516 2049 saec.
538 2018 584 2049 14.
604 2029 648 2048 ex.
680 2020 751 2049 Cod.
764 2021 889 2057 Pragen.
906 2019 983 2048 XJH
994 2020 1022 2048 E
1035 2017 1064 2048 3.
1075 2036 1114 2041 -
1130 2018 1157 2056 2,
1178 2019 1195 2048 7
1209 2030 1299 2050 manu
1310 2024 1343 2050 te
1353 2024 1475 2059 petenti,

558 2124 599 2158 12.
639 2124 765 2157 Novana
783 2124 963 2166 gratiarum
984 2124 1075 2156 aetio.

156 2200 186 2234 1,
213 2199 267 2231 Ad
290 2197 404 2231 beatae
428 2198 582 2231 trinitatis

215 2247 441 2289 simplicisque
466 2246 597 2280 deitatis

261 2295 495 2337 Sempiternam
520 2295 655 2336 gloriam

211 2344 407 2386 Recolendo,
435 2345 512 2378 Jesu
540 2343 676 2384 Christe,

212 2393 310 2434 Cujus
334 2394 442 2428 laudis
467 2393 604 2435 hymnus
627 2393 691 2426 iste

258 2444 416 2477 Personat
440 2442 618 2483 victoriam,

847 2198 879 2230 2.
907 2196 1023 2229 Grates
1048 2196 1108 2229 tibi
1132 2206 1191 2238 pro
1217 2200 1343 2230 tuorum

905 2245 1021 2278 Reddo
1045 2244 1272 2279 beneficiorum

952 2293 1055 2326 Nobis
1080 2293 1167 2327 facta
1191 2295 1303 2337 gratia,

906 2342 1018 2384 OranS,
1043 2345 1087 2384 ut,
1115 2344 1168 2384 qui
1192 2344 1296 2377 minus
1321 2347 1406 2387 grati

904 2391 990 2432 Tibi,
1016 2391 1116 2424 simus
1140 2393 1283 2428 excusati

950 2440 1013 2473 Pro
1039 2442 1095 2473 tua
1119 2441 1295 2477 clement-ia.
