1653 2668
684 143 923 184 —43-..

226 246 330 287 Super
353 247 386 278 te
410 246 516 279 vultus
541 247 671 287 saeculi,

223 295 308 327 Dum
333 294 440 327 hostes
468 294 509 326 de
533 296 565 326 te
589 294 747 335 luderent,

222 342 267 374 Et
290 342 358 374 noti
383 342 430 374 tui
454 340 613 383 fugerent,

152 391 208 424 15.
221 390 307 423 Dum
332 390 415 422 clavi
442 389 588 422 membra
609 388 782 422 tenderent

221 437 266 470 Et
290 446 374 470 nexu
399 446 434 470 se
459 438 694 481 contraherent,

220 486 306 519 Dum
330 485 463 518 vulnera
487 488 702 518 tumescerent

218 534 264 566 Et
288 533 436 567 humores
463 533 649 577 defluerent,

220 582 305 614 Dum
333 591 444 615 carnes
472 582 765 623 contremiscerent,

150 631 206 665 20.
220 630 266 663 Et
288 630 426 663 virtutes
451 634 654 670 arescerent,

223 678 317 711 Sitim
341 678 506 718 sumpsisti
531 676 701 718 fervidam,

223 726 317 758 Sitim
343 735 452 758 amore
473 726 670 769 languidam,

225 773 318 806 Sitim
343 773 496 807 virtutum
523 773 682 817 cupidam,

226 821 365 854 Nostrae
390 822 502 854 salutis
525 822 663 865 avidam,

152 871 207 903 25.
223 869 366 910 Benigne
391 870 518 902 dicens:
545 869 628 903 Sitio

224 917 429 958 Salutemque
455 917 616 961 desidero,

224 965 289 998 Pro
314 975 377 1006 quo
401 975 453 998 me
477 965 547 1006 pati
571 965 679 999 offero.

271 1023 296 1056 O
323 1022 394 1055 sitis
418 1022 640 1065 saluberrima,

221 1070 390 1111 Exoptans
414 1070 583 1114 amicitias,

153 1121 210 1152 30.
225 1120 250 1151 Ο
277 1118 347 1150 sitis
374 1118 480 1151 cordis
505 1118 628 1160 intima,

223 1165 390 1206 Frangens
417 1166 700 1207 concupiscentias,

222 1214 367 1257 Praesta,
392 1217 429 1246 ut
453 1214 494 1246 ad
520 1217 553 1246 te
577 1214 682 1246 sitiam

221 1261 267 1294 Et
288 1263 353 1294 ista
372 1262 429 1294 siti
452 1263 594 1304 ardeam,

222 1310 360 1342 Pravam
385 1310 471 1342 sitim
497 1309 653 1351 effugiam,

154 1359 209 1392 35.
223 1357 336 1390 Donec
360 1358 403 1390 ad
428 1357 548 1390 fontem
573 1360 735 1391 transeam

222 1406 420 1446 Potumquae
443 1405 530 1438 vitae
555 1406 709 1446 hauriam,

225 1453 293 1493 Quo
318 1452 397 1486 felix
422 1462 549 1494 semper
572 1463 718 1486 maneam

222 1500 268 1534 Et
290 1501 396 1534 Deum
419 1509 524 1533 meum
548 1502 676 1534 videam

221 1548 373 1582 Sanctam
397 1549 559 1591 ingressus
582 1550 732 1590 patriam.

440 1654 496 1688 VI.

176 1723 204 1756 1.
219 1723 308 1763 Jesu,
334 1724 446 1755 nostra
469 1721 660 1763 redemptio,

219 1771 309 1812 Jesu‚
336 1770 522 1812 redemptor
546 1770 695 1813 omnium,

220 1819 309 1863 Jesu,
333 1821 446 1851 nostra
470 1819 612 1863 dilectio,

219 1868 309 1911 Jesu,
335 1868 422 1900 salus
449 1867 658 1909 credentium,

174 1917 205 1949 5.
221 1915 306 1949 Dum
329 1924 390 1956 per
416 1916 519 1948 crucis
543 1915 731 1956 mysterium

217 1963 400 2007 Diligenter
423 1973 595 2006 perageres

220 2012 447 2053 Redemptoris
474 2012 625 2053 officium,

220 2060 268 2093 Ut
291 2061 450 2093 hominem
474 2062 651 2094 redimeres

220 2108 415 2142 Sustinendo
441 2110 642 2152 supplicium,

148 2157 204 2192 10.
219 2156 265 2191 Ut
288 2157 367 2190 inde
389 2166 447 2190 nos
473 2158 626 2199 eriperes,

221 2204 451 2240 consummans
475 2205 668 2239 sacrificium

218 2253 307 2287 Tuae
332 2254 437 2287 carnis
464 2256 497 2287 et
519 2255 693 2296 sanguinis,

219 2302 449 2336 Consummans
473 2304 563 2343 pacis
587 2304 746 2344 proelium

217 2351 375 2386 Salutaris
400 2351 592 2395 certaminis,

149 2400 205 2435 15.
220 2400 450 2435 consummans
476 2400 695 2433 transitorium

216 2448 354 2483 Cursum
377 2449 473 2491 hujus
494 2449 653 2491 imaginis,

911 244 1140 277 Consummans
1166 240 1328 283 opificium

908 292 1153 333 Redemptionis
1178 290 1333 331 hominis3

910 340 993 375 Dum
1019 340 1130 373 mortis
1158 339 1269 372 horam
1296 347 1453 380 cerneres,

840 391 897 423 20.
910 389 996 422 Dum
1019 389 1080 422 hac
1104 389 1173 421 vita
1197 386 1363 428 deficeres,

910 437 994 471 Dum
1018 436 1114 470 finem
1136 437 1204 477 jam
1229 435 1437 479 contingeres,

909 485 995 519 Dum
1021 485 1128 518 omnia
1150 484 1334 525 perficeres,

911 533 957 566 Ut
981 535 1014 566 in
1039 542 1162 566 summa
1188 532 1413 572 concluderes;

911 581 1048 615 Dixisti:
1078 580 1351 614 Consummatum
1375 582 1430 621 est,

842 631 898 663 25.
912 629 997 662 'Nam
1021 631 1116 663 ,Iesus
1141 627 1311 661 crucifixus
1336 631 1396 672 est,

912 677 958 711 Et
979 687 1078 718 agnus
1103 678 1284 709 immolatus
1310 679 1368 717 est,

914 724 1049 767 Sanguis
1074 726 1142 765 ejus
1168 724 1283 757 effusus
1310 726 1368 765 est,

912 774 958 807 Et
981 774 1119 814 pretium
1144 773 1281 805 solutum
1308 775 1365 813 est,

913 821 1068 855 Diabolus
1095 821 1238 854 devictus
1264 823 1322 860 est,

845 871 901 903 30.
914 869 960 903 Et
982 870 1103 903 bellum
1128 871 1376 902 consummatum
1403 870 1461 911 est,

915 917 1167 958 chirographum
1194 916 1332 949 deletum
1358 918 1416 959 est,

911 965 958 998 Et
979 966 1074 998 homo
1096 965 1163 1005 ,iam
1187 964 1372 1005 redemptus
1399 967 1456 999 est,

961 1023 986 1055 Ο
1012 1021 1150 1065 bonitas,
1176 1021 1258 1054 bone
1282 1023 1371 1065 Jesu,

911 1069 971 1109 Qui
997 1078 1029 1102 es
1054 1072 1166 1102 nostra
1186 1069 1322 1113 justitia,

843 1119 898 1152 35.
915 1118 940 1152 O
966 1118 1095 1158 veritas,
1121 1126 1198 1150 vere
1221 1118 1309 1161 Jesu,

912 1165 971 1204 Qui
997 1174 1030 1198 es
1053 1169 1164 1198 nostra
1188 1166 1331 1204 scientia,

914 1214 939 1247 Ο
965 1213 1091 1257 caritas,
1118 1222 1192 1246 care
1216 1215 1238 1247 J
1240 1222 1305 1256 esu,

911 1262 973 1302 Qui
997 1270 1032 1294 es
1055 1264 1168 1294 nostra
1191 1261 1381 1303 redemptio,

913 1311 937 1343 O
963 1310 1126 1352 sanctitas,
1153 1313 1263 1342 sancte
1287 1311 1376 1350 Jesu,

841 1358 896 1392 40.
910 1357 1033 1390 Nostra
1057 1356 1277 1400 sanctificatio,

912 1405 1101 1438 Consumma
1124 1405 1216 1438 nobis
1241 1405 1377 1445 gratiam

910 1453 956 1486 Et
980 1462 1161 1485 consumma
1182 1453 1351 1493 justitiam,

910 1502 1103 1535 Consumma
1127 1501 1355 1534 conscientiam

910 1548 955 1581 Et
981 1557 1162 1581 consumma
1185 1548 1351 1582 laetitiam.

1113 1654 1188 1688 VH.

866 1723 896 1756 1.
911 1723 998 1766 Jesu,
1025 1723 1078 1755 via
1102 1722 1278 1763 verissima,

910 1772 997 1814 Jesu,
1022 1770 1134 1803 salutis
1161 1771 1286 1812 ostium,

910 1821 999 1862 Jesu,
1024 1822 1120 1859 porta
1142 1819 1311 1860 tutissima,

910 1869 998 1910 Jesu,
1024 1869 1188 1907 protector
1213 1868 1362 1909 omnium,

864 1917 895 1949 5.
911 1917 999 1958 Jesu,
1026 1914 1165 1948 salubris
1193 1915 1309 1949 veritas

908 1964 954 1997 Et
970 1964 1026 1996 lux
1050 1966 1188 1996 mentem
1212 1964 1407 2010 illuminans,

909 2013 931 2046 J
933 2021 988 2045 esu
1014 2012 1099 2045 vitae
1124 2011 1271 2056 felicitas,

909 2061 1032 2093 Duleor
1053 2061 1089 2093 in
1115 2060 1213 2093 corde
1234 2061 1387 2105 Jubilans,

908 2109 993 2142 Dum
1016 2108 1050 2141 in
1076 2109 1227 2143 extremis
1252 2118 1373 2153 agereS,

839 2159 894 2192 10.
909 2158 953 2191 Ut
979 2157 1116 2190 animam
1143 2158 1319 2198 deponeres

907 2206 952 2239 Et
976 2206 1020 2239 ad
1042 2205 1176 2239 limbum
1201 2206 1425 2249 descenderes,

907 2254 1026 2288 Volens
1055 2255 1136 2288 viam
1161 2255 1340 2298 ostendere,

906 2303 972 2336 Per
996 2312 1091 2344 quam
1117 2303 1267 2337 debemus
1292 2314 1437 2349 pergere,

908 2352 1026 2385 Volens
1053 2355 1182 2386 cunctos
1206 2352 1375 2395 instruere,

837 2402 893 2437 15.
909 2400 970 2441 Qui
995 2399 1073 2434 facti
1098 2405 1172 2434 sunt
1198 2402 1238 2435 de
1260 2404 1404 2446 pulvere,

906 2448 1027 2484 Veiens
1049 2450 1142 2484 illum
1166 2451 1346 2495 ostendere,
