1655 2669
696 135 960 172 —211—

570 227 628 259 187.
670 228 712 260 Dc
736 237 761 260 s.
781 229 925 263 Johanne
944 231 1100 273 Baptista.

170 297 202 331 1.
230 295 353 335 Gaude,
380 295 544 329 Johannes
570 298 714 339 baptista

227 344 287 384 Qui
311 344 345 376 in
372 345 493 377 ventris
520 346 645 379 clausus
671 347 750 380 cista

277 391 508 434 Congaudebas
532 394 681 436 Domino,

227 441 296 473 Fac
319 449 377 473 nos
402 444 509 473 tecum
534 444 569 474 tu
592 444 733 484 gaudere

228 489 329 522 Simul
356 491 452 530 atque
478 491 681 531 congaudere

275 536 402 570 Christo
428 537 498 569 sine
522 539 669 572 termino.

169 597 199 628 2.
228 594 352 636 Gaude,
377 603 453 628 nam
479 597 514 627 tu
538 597 719 629 nominatus

226 643 271 675 Et
295 645 330 676 ut
356 643 515 684 Christus,
543 645 708 677 nuntiatus

274 690 320 723 Es
347 692 456 724 eodem
484 693 608 734 angelo,

225 738 322 771 Nunc
334 749 392 772 nos
403 738 531 772 Christo
545 739 598 773 fac
612 740 803 783 conformes,

226 786 280 820 Sic
303 790 341 819 ut
364 787 463 820 simus
490 787 663 821 deiformes

273 835 311 867 In
336 834 445 868 futuro
471 837 608 870 saeculo.

168 894 199 927 3.
227 892 351 935 Gaude,
378 893 453 934 quia
477 896 510 925 te
534 893 659 927 infante

227 941 312 974 Nato
338 942 459 983 gaudet
482 942 585 984 plebs,
611 946 648 975 ut
670 946 744 976 ante

278 988 410 1022 Gabriel
435 990 661 1031 praedixerat,

228 1037 290 1069 Per
314 1037 399 1070 hunc
423 1038 572 1077 plausum
593 1039 803 1080 temporalem

226 1085 319 1118 Plebi
343 1086 488 1126 plausum
515 1088 722 1127 perennalem

276 1133 337 1174 Da,
364 1134 418 1174 qui
444 1143 570 1167 sensum
596 1138 736 1176 superat.

862 303 895 336 4.
925 302 1050 346 Gaude,
1078 302 1166 342 cujus
1191 301 1228 334 fit
1252 303 1357 334 soluta

923 350 1048 392 Lingua
1072 350 1173 392 patris
1198 350 1287 391 prius
1312 353 1410 391 muta,

972 398 1104 438 Quando
1131 398 1378 439 circumcideriS,

924 446 1058 479 Nostras
1082 447 1208 487 linguas
1232 455 1317 478 nunc
1340 447 1443 479 laxari

922 494 989 526 Fac
1014 504 1072 535 per
1095 495 1223 527 laudem
1248 497 1281 526 et
1304 495 1419 527 laetari

969 542 1036 575 Nos
1062 541 1115 575 fac
1139 545 1212 582 post
1237 551 1307 575 cum
1332 543 1468 583 superis.

864 601 895 635 ⁹.
925 599 1046 641 Gaude,
1074 600 1149 641 quia
1172 600 1378 640 prophetavit

922 647 972 680 De
994 651 1026 680 te
1051 652 1143 688 pater
1169 656 1239 680 cum
1266 648 1421 680 cantavit:

970 696 1165 728 Benedictus
1190 696 1363 738 Dominus,

926 744 993 776 Isto
1020 747 1115 777 cantu
1138 744 1335 776 consolemur

926 792 971 824 Et
995 802 1015 825 a
1041 792 1162 825 cunctis
1187 801 1409 824 conservemur

971 840 1088 873 Mundi
1111 840 1205 872 malis
1230 841 1385 880 protinus.

887 922 893 929 .
924 897 1047 938 Gaude,
1074 901 1186 930 tenens
1206 898 1353 929 strictum
1377 898 1470 929 ritum

920 946 1032 986 Quoad
1057 947 1176 979 vietum
1203 949 1235 977 et
1258 946 1418 986 vestitum,

969 993 1144 1026 Habitator
1169 993 1278 1034 eremi,

923 1041 1036 1075 Carnis
1062 1041 1134 1074 vilis
1159 1041 1356 1081 voluptatem

923 1088 1073 1122 Sanctam
1098 1098 1158 1130 per
1182 1089 1387 1121 sobrietatem

968 1137 1036 1170 Fac
1059 1138 1093 1170 in
1118 1137 1209 1169 nobis
1235 1137 1376 1177 reprimi.

543 1194 574 1226 7.
603 1191 720 1225 Gaude
745 1195 855 1226 tantae
871 1195 1069 1238 sanctitatis,

600 1241 691 1281 Quod
715 1241 749 1273 in
773 1242 941 1275 mulierum
966 1243 1049 1275 natis

647 1289 755 1329 Major
777 1293 810 1322 te
834 1299 898 1323 non
922 1289 1038 1331 fuerat,

600 1337 659 1381 Tu,
686 1337 787 1369 amice
813 1337 932 1370 Christi
958 1348 1041 1382 care,

602 1385 669 1417 Nos
694 1394 765 1418 cum
791 1394 827 1418 eo
853 1385 906 1419 fac
930 1396 1074 1430 regnare,

648 1433 708 1472 Qui
733 1436 766 1465 te
788 1434 885 1466 talem
910 1433 1041 1467 fecerat.

243 1498 324 1527 Orat.
345 1508 398 1528 ms.
419 1498 621 1527 Altovadense
640 1498 795 1527 XXXVH.
816 1509 892 1529 saec.
915 1498 959 1529 15.
980 1501 1014 1529 A.
1036 1516 1073 1520 —
1094 1500 1174 1530 Orat.
1192 1508 1245 1527 ms.
1263 1508 1339 1527 saec.
1362 1497 1405 1527 15.
1418 1499 1488 1528 Cod.

161 1537 328 1566 Londinen.
348 1537 434 1566 Harl.
454 1535 538 1565 2846.
559 1537 594 1565 Β.
616 1553 653 1557 -
677 1537 756 1565 Orat.
778 1547 830 1566 ms.
851 1539 1049 1575 Anglicanum
1069 1547 1144 1568 saec.
1168 1536 1212 1566 15.
1234 1537 1302 1566 Cod.
1323 1538 1487 1566 Londinen.

162 1577 212 1604 Ar.
241 1573 308 1604 203.
335 1576 365 1604 G.
394 1590 432 1595 ——
458 1575 539 1603 Orat.
568 1584 622 1603 ms.
651 1584 727 1603 saec.
757 1574 801 1605 15.
828 1576 897 1605 Cod.
930 1578 1004 1606 Goll.
1026 1578 1077 1606 SS.
1097 1577 1254 1606 Trinitatis
1276 1576 1417 1604 Oxonien.
1443 1574 1487 1605 13.

165 1616 201 1643 D.
222 1629 260 1634 -
280 1615 362 1643 Orat.
388 1622 443 1643 ms.
472 1622 548 1642 saec.
573 1612 619 1642 15.
640 1614 712 1643 <jod-
733 1615 900 1644 Bruxellen.
923 1614 1031 1645 10776.
1051 1617 1088 1644 E.
1109 1630 1147 1635 —
1169 1615 1242 1643 Cim.
1263 1615 1418 1643 Monacen.
1437 1613 1487 1650 (ol.

160 1652 313 1690 Tegurin.)
335 1652 370 1682 19
378 1651 443 1682 824.
465 1661 541 1682 saec.
565 1651 608 1681 15.
624 1653 656 1681 F.
673 1667 707 1672 ——
726 1653 806 1681 Orat.
828 1663 880 1682 ms.
897 1656 1077 1692 Tegurinum
1097 1662 1172 1683 saec.
1189 1652 1233 1682 15.
1249 1653 1321 1681 Olm.
1333 1654 1486 1682 Monacen.

162 1690 199 1720 20
206 1690 271 1720 001.
292 1692 327 1721 G.

241 1731 302 1759 Das
326 1731 402 1759 Lied
422 1730 537 1759 kommt
555 1732 587 1758 in
607 1732 689 1759 einer
708 1731 847 1768 langeren
868 1732 929 1759 und
943 1732 1088 1760 kiirzeren
1101 1730 1235 1767 Fassung
1248 1740 1310 1759 vor.
1343 1731 1486 1764 Letztere,

159 1770 287 1798 weleher
316 1770 365 1798 die
392 1770 487 1797 Verse
512 1767 545 1804 4,
577 1769 594 1798 5
623 1769 684 1797 und
712 1768 728 1798 6
756 1770 807 1798 der
838 1771 921 1798 scchs
951 1773 1047 1799 ersten
1074 1769 1220 1806 Strophen
1246 1770 1358 1804 fehleu,
1388 1770 1487 1798 bieten

160 1808 316 1836 siimtliche
326 1808 559 1837 Handschriften
573 1809 629 1836 mit
635 1808 805 1837 Ausnahme
816 1818 875 1837 von
884 1809 965 1843 CFG,
979 1810 1090 1837 welche
1100 1809 1148 1837 die
1158 1809 1369 1846 langereForm
1381 1808 1485 1837 haben.

243 1845 267 1884 1,
290 1845 305 1875 1
330 1847 432 1876 Gaude
455 1846 566 1875 Christi
586 1849 618 1875 tu
638 1848 770 1884 baptista
790 1848 848 1876 FG.
869 1862 907 1867 —
929 1846 953 1882 1,
976 1846 993 1875 2
1013 1849 1046 1876 in
1066 1849 1127 1876 alvi
1148 1847 1265 1875 clausus
1280 1847 1340 1876 FG.
1361 1864 1396 1867 —
1422 1846 1446 1881 1,
1466 1847 1486 1875 4

164 1887 223 1914 Fae
243 1895 292 1914 me
310 1888 407 1914 tecum
421 1885 546 1914 hilarari
559 1885 619 1914 FG.
633 1901 672 1906 —
688 1884 712 1920 1,
735 1886 751 1915 5
767 1885 861 1915 Simul
876 1889 965 1924 atque
980 1887 1115 1915 venerari
1129 1886 1188 1915 FG.
1203 1902 1240 1906 =—-
1257 1884 1281 1921 1,
1304 1884 1320 1913 6
1336 1885 1483 1914 Christum

163 1925 222 1953 FG.
247 1939 285 1944 —-
312 1922 343 1960 2,
373 1923 387 1952 1
403 1924 506 1954 Gaude
526 1927 559 1953 tu
578 1933 647 1953 nam
668 1925 728 1954 FG.
749 1940 786 1944 —
808 1923 841 1960 2,
867 1924 886 1953 4
907 1928 1056 1954 consortes
1077 1924 1137 1954 FG.
1157 1939 1195 1943 —-
1215 1922 1248 1960 3,
1272 1923 1292 1953 4
1312 1925 1385 1953 Post
1403 1924 1480 1953 hunc

164 1963 301 1999 plausum
319 1963 351 1991 C.
373 1978 409 1982 —
430 1961 457 1999 4,
479 1962 498 1991 4
518 1964 567 1992 hic
587 1963 684 1992 laxari
700 1964 759 1993 FG.
782 1978 817 1983 —
839 1962 866 2000 4,
890 1962 906 1992 6
920 1964 994 1992 Po-sc
1014 1965 1129 1993 civibus
1151 1972 1216 1991 cum
1237 1964 1352 2000 superis
1367 1963 1424 1992 FG.
1445 1978 1482 1983 —

159 1999 186 2037 5,
212 1999 228 2030 6
248 2002 354 2030 Mundi
373 2001 448 2031 fehlt
469 2001 499 2030 C.
522 2018 560 2023 —
582 2000 607 2037 6,
630 2001 647 2031 5
668 2003 725 2031 Per
746 2006 879 2031 sanctam
894 2003 925 2031 C.
947 2018 982 2021 —
1006 2002 1033 2040 7,
1055 2001 1072 2030 2
1093 2003 1172 2031 natis
1192 2002 1266 2030 fehlt
1278 2002 1311 2031 A.

322 2125 383 2158 188.
425 2124 468 2156 De
487 2133 528 2157 ss.
551 2125 692 2158 Johanne
710 2125 856 2167 Baptista
878 2127 908 2158 et
928 2125 1071 2157 Johamle
1090 2123 1310 2164 avangelista.

155 2208 186 2241 1.
212 2208 295 2248 Ave,
322 2207 384 2240 Dei
406 2217 424 2240 o
450 2207 564 2249 gratia,

210 2256 370 2297 Baptista,
398 2254 490 2288 nobis
515 2256 621 2296 spatia

260 2304 339 2346 Des,
366 2304 465 2338 vitam
493 2304 706 2345 corrigamus;

209 2353 349 2387 Divinae
374 2361 505 2393 compar
529 2353 661 2396 gratiae,

208 2402 420 2444 Evangelista
443 2401 574 2444 gloriae,

257 2451 322 2485 Vos
348 2451 439 2485 binos
464 2450 649 2486 salutamus

846 2211 879 2243 2.
905 2208 1027 2252 Gaude,
1055 2207 1218 2240 Johannes
1243 2207 1422 2240 nominatus

903 2257 988 2289 Alvo
1011 2256 1123 2289 matris
1149 2255 1291 2287 nondum
1315 2258 1408 2288 natus

953 2305 1114 2338 Gabrielis
1138 2303 1281 2347 vocibus,

904 2355 1025 2388 Praeco
1049 2353 1112 2387 Dei
1135 2353 1294 2385 vocitatus

904 2404 949 2436 Es
975 2403 1134 2444 propheta
1160 2402 1353 2444 designatus,

950 2452 1100 2495 Baptista
1125 2450 1243 2486 Christi
1267 2452 1426 2492 praevius.

1243 2506 1300 2540 14*
