1655 2669
713 149 973 186 *253—

183 245 240 277 35.
265 241 411 286 Nequam
437 248 512 278 sunt
536 248 678 289 religiosi

313 293 411 326 Multi
437 294 506 326 sine
531 294 673 338 foedere,

266 341 366 374 Multi
389 342 496 374 literis
521 345 646 376 ventosi

315 388 392 422 Sine
415 390 496 430 legis
522 400 620 431 opere

267 436 312 469 Et
336 438 440 478 multi,
467 439 522 478 qui
547 443 621 472 sunt
647 441 744 484 exosi,

315 485 435 519 Volunt
455 486 511 526 pie
535 487 654 522 vivere.

182 543 238 576 36.
264 539 394 585 Omnes,
405 548 638 585 quaesuasunt‚
651 548 817 586 quaerunt,

315 591 391 624 Non
417 600 464 632 ea,
492 601 573 632 quae
597 593 737 633 Domini,

269 639 386 672 Omnes
411 642 489 672 vota
514 642 718 673 contulerunt

314 688 395 720 Tam
427 688 517 719 carni
542 697 637 729 quam
661 690 818 731 sanguini,

267 735 384 768 Omnes
409 735 443 768 in
469 735 519 767 his
546 741 734 769 exarserunt

317 783 516 817 Clericorum
541 785 649 819 animi.

181 842 236 874 37.
260 837 432 882 Principes
456 842 552 875 nimis
578 843 654 876 elati

312 890 422 922 Minus
448 892 524 922 sunt
547 891 685 934 pacifici,

267 937 380 970 Dedit-i
406 938 584 983 cupiditati,

316 986 353 1018 In
377 986 484 1019 dando
509 987 667 1029 parvifici,

268 1033 342 1066 Non
367 1034 540 1068 intendunt
562 1037 716 1076 aequitati

314 1082 482 1123 Principes
507 1085 676 1123 tyrannici.

187 1140 243 1174 38.
272 1137 341 1179 Quo
365 1140 494 1173 iverunt
517 1143 711 1183 margaritae

314 1188 366 1221 De
390 1188 470 1222 locis
494 1190 694 1235 Aegypticis,

266 1236 337 1269 Viri
361 1236 584 1271 sanctissimae
609 1239 695 1272 vitae

314 1285 366 1317 De
389 1285 479 1317 mille
504 1287 675 1329 coenobiis,

270 1332 446 1366 Cessarunt
470 1334 677 1368 anachoritae

316 1381 389 1414 Non
414 1382 536 1414 relictis
561 1382 647 1418 filiis.

184 1438 240 1472 39.
265 1435 396 1480 Religio
426 1439 559 1473 viduata

316 1487 443 1520 Talium
468 1488 593 1530 solatio,

268 1535 372 1567 Nimis
399 1537 448 1568 est
471 1535 665 1577 refrigerata

316 1583 369 1616 Ab
395 1584 511 1617 orandi
535 1586 653 1628 studio,

268 1632 323 1664 Ad
348 1632 461 1664 mundi
485 1642 590 1665 mores
615 1634 725 1667 laxata

317 1680 430 1713 Multis
457 1684 506 1713 est
530 1680 671 1714 fastidio.

877 249 934 283 40.
962 245 1109 288 Sanetus,
1122 249 1261 286 sanctus,
1271 249 1399 280 sanctus
1409 246 1507 288 Deus,

1007 296 1099 329 Meas
1124 295 1200 328 vide
1220 295 1380 336 lacrimas,

960 343 1080 377 Deficit
1103 343 1236 383 spiritus
1260 352 1359 384 meus,

1006 392 1093 424 Mori
1119 399 1252 423 cernens
1277 392 1410 432 animas,

961 438 1080 472 Infelix
1106 439 1225 479 gaudet
1248 439 1391 473 Judaeus

1007 488 1130 521 Videns
1155 489 1203 519 tot
1227 496 1279 519 res
1304 488 1469 527 pessimas.

876 545 931 578 41.
959 542 1062 578 Tutor
1085 544 1139 585 pie
1162 544 1366 588 pupillorum,

1008 592 1197 634 Segregatos
1223 601 1388 634 congrega,

962 641 1054 674 Ovile
1078 640 1327 673 orthodoxorum

1007 689 1203 721 Truncatum
1228 689 1420 733 redintegra,

962 737 1177 769 Seminatores
1204 745 1346 769 errorum

1006 785 1059 818 Ab
1086 785 1195 818 electis
1221 794 1361 825 segrega.

879 845 933 877 42.
960 840 1068 877 Unum
1095 843 1136 875 da
1161 852 1216 875 cor
1240 842 1274 874 in
1300 842 1460 874 credendo

1009 891 1171 924 Christum
1195 890 1428 930 invocantibus,

959 940 1066 973 Unum
1092 948 1126 972 os
1150 939 1184 970 in
1211 937 1389 971 confitendo

1006 987 1155 1021 Exclusis
1181 986 1354 1027 erroribus,

959 1037 1106 1068 Animam
1131 1035 1165 1067 in
1192 1034 1354 1075 diligendo

1008 1084 1082 1117 Una
1108 1091 1178 1114 cum
1204 1082 1363 1122 operibus.

877 1144 933 1177 43.
960 1140 1136 1177 Xristianis
1161 1149 1275 1180 pacem
1297 1141 1439 1180 praesta,

1013 1190 1135 1223 Cuncta
1159 1189 1238 1221 tolle
1262 1188 1444 1228 schismata,

962 1239 1047 1272 Sana
1072 1237 1206 1270 vulnera
1229 1235 1366 1276 funesta,

1010 1287 1142 1326 Deauge
1168 1285 1370 1324 charismata,

962 1335 1112 1370 Jucunda
1135 1333 1255 1374 largire
1279 1331 1363 1364 festa

1006 1383 1052 1416 Et
1075 1381 1218 1422 ,iucunda
1242 1379 1386 1413 sabbata.

876 1442 933 1475 44.
961 1438 1064 1481 Zyma
1088 1447 1192 1481 purga
1215 1438 1375 1477 vitiorum,

1006 1489 1058 1522 Da
1082 1488 1234 1520 virtutum
1260 1494 1382 1526 azyma,

961 1539 1087 1571 Statum
1112 1544 1217 1567 meum
1242 1533 1295 1566 fac
1321 1533 1470 1565 decorum

1007 1585 1093 1618 Data
1117 1583 1275 1624 praebens
1301 1581 1432 1621 opt-ima,

960 1635 1096 1667 Fontem
1122 1631 1255 1663 ostende
1278 1630 1444 1669 bonorum,

1008 1682 1074 1722 Quo
1099 1678 1226 1713 fruatur
1250 1678 1366 1711 anima.

261 1747 331 1775 Cod.
357 1748 514 1777 carnoten.
545 1746 610 1777 341.
632 1757 708 1777 saec.
732 1746 775 1778 14.
799 1763 836 1767 —
859 1747 912 1781 14,
942 1747 960 1776 2
981 1749 1143 1776 dissim'tur.
1167 1761 1202 1765 —
1224 1743 1276 1780 24,
1304 1743 1318 1772 1
1339 1744 1452 1772 Bethel.
1472 1757 1511 1762 —

181 1783 228 1822 30,
249 1784 266 1813 2
290 1786 365 1815 haec
384 1788 435 1815 sie.

653 1873 721 1905 226.
760 1872 803 1904 De
823 1880 900 1903 vero
922 1879 1036 1903 amore.

183 1944 215 1978 1.
242 1944 344 1976 Amor
368 1945 485 1984 sponte
509 1952 564 1976 cor
590 1943 694 1977 afficit

241 1992 288 2025 Et
312 1994 525 2032 spontaneum
553 1991 663 2034 efficit,

292 2039 393 2073 Nulla
418 2039 508 2080 cupit
531 2042 685 2083 praemia,

242 2089 358 2123 Amori
382 2098 446 2121 non
472 2091 522 2121 est
545 2090 690 2131 angulus,

243 2138 358 2170 Amori
382 2137 522 2177 simplex
547 2138 669 2180 oculus,

289 2186 390 2219 Nulla
414 2185 513 2218 habet
535 2187 680 2227 propria.

184 2247 217 2279 2.
243 2247 347 2279 Amor
371 2253 436 2277 non
463 2247 511 2276 est
535 2244 570 2277 in
595 2245 720 2290 timore,

241 2294 355 2327 Timor
378 2302 444 2326 non
469 2295 520 2325 est
542 2293 576 2325 in
602 2303 722 2338 amore,

290 2343 372 2376 Sunt
398 2340 482 2374 enim
509 2343 680 2386 contraria,

238 2392 342 2424 Amor
365 2391 420 2423 lex
445 2393 496 2422 est
517 2389 667 2432 filiorum,

240 2441 353 2475 Timor
378 2448 456 2472 vero
480 2439 534 2471 lex
559 2448 735 2483 servorum,

289 2488 411 2531 Magna
436 2491 486 2522 est
511 2488 674 2522 distantia.

880 1945 912 1977 3.
939 1944 963 1977 O
990 1946 1111 1984 quanta
1135 1944 1185 1973 est
1207 1941 1256 1973 vis
1280 1940 1408 1983 amoris,

939 1992 1027 2032 Quae
1052 1991 1181 2024 exclusa
1206 1989 1239 2023 vi
1261 1989 1385 2021 timoris

985 2040 1119 2073 Servum
1144 2037 1225 2071 facit
1247 2038 1394 2079 liberum,

937 2089 988 2121 De
1011 2090 1147 2121 nocente
1170 2087 1382 2127 innocentem,

937 2138 987 2170 De
1011 2140 1136 2170 mortuo
1160 2136 1216 2168 dat
1240 2135 1400 2168 viventem

985 2186 1030 2218 Et
1056 2187 1096 2219 de
1119 2193 1195 2216 sene
1218 2193 1365 2225 puerum.

876 2247 909 2279 4.
935 2246 1037 2277 Amor
1060 2245 1148 2276 metu
1171 2252 1235 2275 non
1260 2241 1429 2284 frangitur,

934 2293 1033 2326 Nullo
1058 2292 1185 2333 pudore
1206 2290 1346 2323 flectitur

984 2341 1055 2374 Nec
1080 2343 1171 2374 curat
1196 2340 1389 2381 dominium3

934 2391 1037 2423 Amor
1060 2392 1148 2423 amat
1172 2389 1385 2430 concordiam,

936 2439 1123 2476 Veritatem,
1147 2438 1316 2481 justitiam,

983 2487 1137 2530 spiritale
1161 2487 1322 2529 gaudium.
