1653 2668
198 213 253 247 19.

203 627 259 659 20.

207 1038 262 1070 21.

204 1449 260 1483 22.

198 1861 255 1894 23.

193 2277 248 2310 24.

724 117 988 154 ——163—

280 213 443 247 Johannes
467 214 622 255 apostole,

328 261 454 294 Christo
479 262 697 302 praedilectus

282 309 327 341 Et
351 310 385 342 in
411 318 509 342 coena
533 310 690 343 recubans

329 358 396 398 ejus
420 367 519 399 supra
541 361 665 400 pectus,

285 404 381 438 Hunc
405 414 508 447 rogeS,
535 406 589 447 qui
612 407 697 439 latus
724 410 771 439 est

329 454 442 486 lancea
466 455 659 495 transjectus

284 501 323 533 In
349 510 452 543 cruce,
477 510 519 533 ne
542 502 682 542 perimat

331 557 390 581 nos
411 548 510 582 Satan
537 550 689 590 deiectus.

285 625 448 658 Praetoris
475 625 616 659 officium

332 682 446 714 gerens
471 674 629 714 theloneo,

286 721 464 763 Matthaee,
491 722 654 761 apostolus

338 772 470 802 vocatus
495 778 515 801 a
538 769 619 810 Deo,

284 816 385 859 Roga,
412 818 466 858 qui
492 817 618 850 vocavit
641 820 683 858 te,

336 866 528 898 advocemur
555 873 602 905 eo,

286 913 355 952 Quo
378 921 437 944 nos
461 921 525 945 non
549 911 673 945 afficiat

333 961 427 1000 lupus
452 968 555 1000 neque
578 960 639 993 leo.

290 1036 315 1069 Ο
341 1037 445 1069 sancti
471 1036 617 1076 apostoli,

339 1083 393 1125 qui
417 1093 477 1124 per
497 1084 647 1117 mundum
666 1084 756 1116 missi

289 1131 507 1164 Praedicastis
532 1130 642 1172 gaudii

331 1180 490 1219 jacturam
516 1180 625 1212 amissi

286 1227 356 1259 Nec
379 1236 439 1267 per
461 1227 561 1260 ullam
585 1227 744 1260 haeresim

335 1275 503 1308 exstitistis
530 1274 608 1316 fissi,

288 1322 356 1355 Nos
379 1321 551 1355 transferri
575 1321 674 1355 facite

335 1369 466 1405 fluvium
492 1370 611 1411 abyssi.

288 1447 313 1480 O
341 1447 461 1480 Christi
487 1447 647 1488 discipuli,

333 1495 386 1535 qui
411 1495 563 1527 mundum
589 1495 756 1535 sprevistis

281 1543 326 1575 Et
350 1543 464 1575 salutis
486 1544 609 1575 monita

329 1590 451 1632 Jugiter
475 1590 611 1624 audistis

283 1638 329 1671 Et
352 1638 465 1672 audita
487 1639 629 1679 reliquos

333 1687 429 1728 digne
456 1687 620 1726 docuistis,

282 1734 406 1773 Facite,
432 1744 473 1767 ne
498 1736 625 1774 premat
648 1743 706 1767 nos

333 1783 408 1816 Orci
435 1782 531 1815 turba
556 1782 667 1815 tristis.

281 1859 444 1901 Baptizati
468 1860 622 1901 sanguine

330 1909 433 1941 sancti
457 1909 656 1948 innocentes,

282 1957 367 1997 Quos
391 1956 540 1989 Herodes
565 1956 674 1988 necuit

329 2004 429 2037 ubera
453 2005 620 2044 lactentes,

278 2052 332 2093 Et,
359 2061 547 2093 quocunque
569 2053 654 2096 ierit,

327 2110 444 2142 agnum
465 2101 533 2141 jam
559 2103 738 2142 sequentes,

278 2149 373 2182 Hune
397 2158 457 2189 pro
482 2148 574 2181 nobis
599 2149 701 2189 petite

327 2198 371 2230 ad
397 2197 545 2230 thronum
574 2200 734 2231 canentes,

277 2275 426 2309 Gloriose
450 2274 614 2315 Stephane

322 2323 505 2365 lapidantes
530 2332 654 2363 passus,

279 2372 349 2406 Nec
372 2381 433 2413 pro
458 2371 680 2413 lapidantibus

323 2429 419 2455 orans
447 2429 518 2455 eras
544 2421 646 2455 lassus

891 436 945 469 25.

891 847 948 879 26.

891 1256 946 1291 27.

890 1668 945 1701 28.

971 217 1078 255 Atque
1102 215 1262 248 Christum
1289 222 1420 247 cernere

1020 264 1107 295 coelo
1132 265 1268 295 stantem
1295 261 1409 298 fassus,

973 310 1046 344 Non
1070 312 1112 343 sit
1134 320 1193 351 pro
1217 309 1399 351 petentibus

1018 367 1121 391 sermo
1146 362 1218 391 tuus
1245 367 1362 391 cassus

974 432 1130 475 Oswalde,
1156 444 1214 468 rex
1238 434 1367 467 inclitus

1020 485 1054 514 et
1074 486 1199 524 martyr
1223 481 1366 523 insignis,

972 530 1045 571 Eja,
1071 530 1231 564 Christum
1256 530 1360 571 rogita

1017 577 1167 618 precibus
1192 577 1347 619 benignis,

977 626 1020 660 Ut
1043 635 1101 658 nos
1126 635 1146 657 a
1170 625 1335 666 spiritibus

1024 676 1190 706 conservet
1213 673 1370 714 malignis,

973 720 1024 753 Ne
1048 730 1105 753 nos
1130 722 1229 754 ardor
1253 720 1413 761 opprimat

1020 768 1187 801 infernalis
1211 768 1304 809 ignis,

973 845 1138 883 Laurenti,
1163 845 1336 878 craticulae

1019 896 1168 926 coronate
1190 894 1292 933 lauro,

974 941 1138 982 Dispersis
1163 940 1360 981 pauperibus

1021 988 1135 1028 opibus
1161 991 1194 1020 et
1217 997 1304 1030 auro,

974 1037 1064 1077 Roga
1093 1035 1263 1076 Christum,
1291 1038 1399 1068 servet
1423 1044 1480 1067 nos

1020 1093 1040 1116 a
1064 1092 1200 1123 nequam
1221 1087 1381 1124 centauro,

973 1131 1021 1166 Ut
1046 1130 1191 1164 fruamur
1217 1131 1353 1172 denique

1023 1179 1152 1212 coelesti
1176 1180 1336 1211 thesauro.

973 1256 1031 1290 Cui
1057 1255 1176 1288 fontem
1202 1255 1306 1287 innuit

1019 1312 1118 1344 agnus
1143 1304 1237 1343 pede,
1265 1302 1421 1346 Clemens,

974 1352 1071 1391 Cujus
1096 1350 1187 1383 festis
1213 1350 1346 1391 singulis

1020 1400 1117 1431 maris
1142 1399 1229 1431 unda
1251 1398 1421 1430 vehemens

973 1445 1113 1487 Refugit,
1140 1450 1175 1478 ut
1200 1449 1356 1487 quaerant
1379 1448 1412 1477 te

1022 1494 1164 1537 claudus,
1193 1502 1314 1534 caecus,
1342 1493 1471 1525 demens

971 1543 1050 1582 Fac,
1077 1543 1120 1574 sit
1142 1541 1235 1574 nobis
1258 1541 1422 1581 proximus

1021 1591 1132 1631 Agnus
1158 1588 1219 1622 Dei
1244 1589 1392 1623 clemens·

974 1668 999 1701 Ο
1025 1669 1136 1707 pastor
1162 1666 1296 1709 egregie,

1016 1714 1250 1754 Archipraesul
1275 1714 1407 1754 Thoma,

974 1763 1100 1797 Christo
1126 1762 1284 1802 praebens
1308 1761 1467 1795 victimam

1020 1820 1168 1843 carneum
1191 1811 1226 1843 in
1252 1819 1342 1842 coma

974 1859 1028 1892 Ad
1053 1859 1156 1892 altare
1178 1858 1310 1891 Domini

1020 1910 1052 1939 et
1076 1906 1135 1939 sub
1162 1911 1230 1947 ejus
1257 1907 1361 1946 doma,

973 1956 1025 1989 Da
1048 1964 1107 1996 pro
1133 1955 1226 1987 nobis
1249 1954 1388 1987 Domino

1019 2005 1169 2044 precatus
1195 2012 1314 2037 aroma.

939 2109 945 2116 .
974 2082 998 2115 O
1025 2090 1082 2113 vos
1107 2081 1211 2113 sancti
1236 2083 1404 2123 martyres,

1017 2128 1113 2162 effuso
1140 2137 1253 2161 cruore

973 2176 1125 2211 Coronati
1149 2176 1253 2218 gloria

1020 2226 1126 2259 laudis
1152 2228 1184 2257 et
1208 2226 1337 2268 honore,

973 2274 1092 2308 Satiari
1117 2272 1215 2306 facite

1017 2332 1075 2355 nos
1101 2322 1181 2354 coeli
1207 2321 1347 2357 dulcore.

973 2372 1114 2412 Angelos
1140 2371 1194 2412 qui
1217 2369 1321 2403 reficit

1020 2421 1170 2457 consueto
1195 2428 1293 2455 more,

1286 2472 1346 2508 11*
