1653 2668
721 128 978 166 -184-

204 233 236 266 3.
263 231 348 264 Sana
369 232 480 272 pectus
505 228 693 269 suspirantis
937 228 1016 260 Esto
1041 226 1120 258 mihi
1145 227 1201 258 lux
1223 226 1372 258 mentalis

305 279 431 312 Gemitu
455 276 650 317 gravissimo,
984 274 1029 307 Et
1053 284 1074 306 a
1098 274 1199 314 culpis
1226 275 1329 306 exime
1424 321 1431 327 ι

258 327 351 359 Educ
374 327 448 358 vota
472 323 680 364 supplicantis
938 324 1045 362 Atque
1069 331 1120 353 me
1144 323 1184 354 de
1210 322 1331 354 cunetis
1358 321 1451 353 rnahs

305 374 355 406 De
378 372 474 405 corde
497 370 676 411 purissimo,
986 369 1077 402 Hora
1100 371 1212 402 mortis
1238 370 1369 402 redime.

259 421 304 454 Ut
327 422 385 453 sim
410 421 519 459 gratus
543 418 719 457 majestatis
879 428 909 460 6,
936 426 1025 459 Doce
1049 427 1188 467 linguam
1213 427 1404 467 praedicare

302 468 379 500 Jesu
404 465 658 508 clementissimo,
983 474 1091 507 Verba
1115 475 1302 516 sapientiae,

257 515 350 554 Cujus
376 514 445 547 visu
469 522 520 544 me
545 511 711 545 formantis
936 523 1124 554 Peccatores
1150 530 1303 555 revocare

300 562 405 594 Fruar
429 560 621 593 bCsttiSSimO·
981 570 1034 602 Ad
1062 570 1206 602 datorem
1230 570 1364 611 gratiae,

200 623 230 653 4.
257 620 370 651 Pastor
394 619 485 658 bone,
511 626 631 649 memor
655 619 732 657 esto,
935 617 1137 649 Poonitentes
1162 626 1318 650 renovare

299 667 395 699 Ovem
420 668 506 697 tuam
530 673 673 706 pascere,
980 665 1033 697 Ad
1060 674 1138 705 opus
1161 665 1316 705 justitiae,

252 715 303 746 Illi
329 721 454 754 semper
478 712 525 743 sic
548 712 670 751 adesto,
936 711 1071 744 Cunctos
1096 713 1204 744 hostes
1231 713 1394 745 debellare

297 761 342 794 Ut.
366 762 439 793 dum
466 760 560 799 lupus
585 768 700 799 rapere
983 760 1059 793 Cum
1084 761 1192 800 palma
1217 760 1379 794 victoriae.

250 809 398 848 TOmPfat
422 816 500 848 eam,
525 809 559 838 ‘1¹1
584 808 628 838 Sis
653 810 782 846 PFssOStO
875 818 906 849 ¹7.
933 816 991 848 Pie
1015 820 1119 857 pater,
1145 826 1197 849 me
1221 817 1361 858 digneris

295 856 372 888 Mox
396 855 483 887 illam
509 855 643 894 eripere,
982 865 1039 897 Pio
1066 865 1155 897 vum,
1183 873 1324 904 cernere,

253 904 318 943 QUO
343 904 526 943 praesentes
550 902 600 933 iffi
625 900 717 942 fssSt02
933 913 971 944 In
992 912 1129 945 adverso
1157 913 1338 945 recorderis

298 950 388 989 Quod
412 949 522 989 nequit
548 948 693 982 d0fi001'0·
976 959 1033 991 Me
1057 969 1216 1000 nunquam
1242 961 1400 1000 deserere,

195 1010 227 1040 5.
258 1008 336 1047 Ave,
363 1006 464 1039 frater
488 1006 653 1046 spiritaliS,
929 1007 975 1039 Et
999 1016 1070 1038 cum
1096 1016 1177 1047 erro,
1204 1017 1245 1040 ne
1269 1009 1403 1040 moreris

293 1055 476 1087 Amicorum
502 1054 621 1093 intime,
977 1054 1032 1086 Me
1059 1056 1120 1087 cito
1146 1056 1311 1096 reducere,

247 1101 366 1140 Comes,
393 1109 450 1133 rex
475 1104 507 1132 et
532 1101 596 1132 dux
618 1101 724 1132 vitalis
930 1101 980 1133 Ne
1006 1102 1162 1142 depascar
1186 1103 1226 1135 ab
1252 1103 1375 1140 inferis,

296 1148 445 1189 Corporis
475 1151 505 1179 et
530 1149 663 1190 animae,
977 1149 1035 1188 Qui
1061 1159 1111 1181 me
1135 1151 1246 1182 volunt,
1269 1152 1417 1191 perdere.

263 1215 341 1242 Orat.
367 1221 420 1241 ms.
442 1213 587 1241 Gallicum
615 1221 690 1240 saec.
713 1211 756 1240 15.
788 1213 856 1241 (jod.
877 1214 992 1241 Musaei
1011 1215 1227 1243 Ferdinandaei
1248 1216 1454 1253 Oenipontani.
1475 1226 1498 1245 s.

187 1262 215 1279 n.
237 1268 240 1272 ·
294 1253 320 1286 3,
344 1252 357 1268 ζ
378 1254 471 1289 grata.
487 1266 522 1269 —-
535 1248 561 1285 3,
583 1248 601 1278 8
614 1251 714 1279 Fruat.
728 1266 765 1270 —
779 1250 806 1286 4,
828 1251 844 1278 7
861 1252 944 1285 Quod
965 1255 1143 1288 praesentes.
1158 1268 1193 1272 —
1209 1253 1235 1288 6,
1258 1254 1276 1282 5
1298 1264 1446 1283 revocare.
1461 1270 1498 1275 —

186 1289 212 1323 7,
236 1288 252 1317 6
272 1291 321 1318 Me
340 1297 489 1325 nunquam
511 1289 650 1317 deserere.

582 1428 637 1459 151.
676 1429 722 1459 Ad
741 1429 894 1469 Angelum
915 1430 1075 1463 Custodem

741 1497 933 1527 oratiuncula.

504 1574 618 1605 Pacem
643 1575 743 1614 prolis
769 1577 813 1614 tu,
840 1578 926 1608 tutor
948 1578 1090 1622 spiritus,

503 1621 599 1664 Rege,
626 1631 729 1663 serva,
757 1623 872 1655 damna
895 1626 1054 1665 propitius

505 1668 616 1701 Carnis
640 1670 759 1714 luxum,
786 1671 919 1703 hostiles
944 1673 1118 1715 machinas,

501 1716 616 1749 Mundi
638 1719 738 1758 jocos,
765 1719 873 1750 tristes
901 1720 1043 1755 delicias.

500 1763 611 1796 Dulcis
636 1765 738 1808 labor,
759 1766 787 1797 si
811 1769 885 1806 post
909 1767 970 1799 hoe
995 1769 1154 1801 saeculum

503 1811 628 1844 Christo
650 1813 765 1854 jungas
787 1816 874 1845 tuum
901 1815 1089 1855 depositum.

259 1878 338 1904 Orat.
357 1885 411 1906 ms.
434 1884 509 1904 saec.
532 1875 576 1905 15.
597 1878 667 1906 Cod.
687 1880 851 1908 Londiuen.
873 1880 958 1909 Harl.
979 1880 1044 1909 211.

610 2019 671 2050 152.
711 2020 755 2051 De
776 2021 893 2061 Angelo
917 2021 1054 2054 Custode.

181 2114 210 2146 1.
235 2114 314 2155 Ave,
341 2118 445 2147 eustos
470 2117 546 2148 mihi
574 2118 675 2161 datus,
862 2121 893 2152 2.
919 2120 1017 2164 Fove,
1043 2126 1185 2164 protege,
1214 2124 1362 2166 defende,

240 2162 315 2194 Cum
332 2171 391 2202 per
408 2163 567 2196 Christum
584 2174 651 2197 sum
673 2170 800 2199 vocatus
917 2169 1028 2210 Arma,
1054 2174 1177 2203 scutum
1202 2175 1418 2218 apprehende,

282 2210 335 2241 Ad
359 2210 511 2251 baptismi
534 2213 679 2254 gratiam,
966 2217 1058 2249 Meos
1081 2218 1188 2251 hostes
1214 2224 1354 2263 contere,

236 2255 347 2289 Dulcis
372 2259 492 2299 angele,
518 2269 664 2304 procura,
917 2264 955 2296 1n
979 2267 1152 2308 praesenti,
1179 2268 1213 2300 in
1239 2268 1346 2303 futuro

236 2303 282 2336 Ut
304 2305 346 2337 ad
371 2306 487 2346 gaudia
511 2311 646 2341 ventura
917 2312 1042 2353 Angele
1067 2315 1151 2347 vallo
1176 2319 1209 2348 et
1233 2327 1323 2350 muro

281 2351 327 2383 Te
353 2354 432 2385 duce
456 2356 648 2394 perveniam.
965 2360 1020 2392 Me
1046 2362 1186 2403 digneris
1213 2366 1350 2407 cingere.

254 2415 332 2444 Orat.
353 2428 406 2447 ms.
428 2419 601 2450 coloniense
621 2431 697 2451 saec.
721 2422 765 2451 15.
786 2424 857 2453 Cod.
877 2425 1043 2462 Maguntin.
1063 2428 1094 2456 ΙΙ
1114 2426 1179 2458 343.
