1653 2668
698 135 958 173 —109—

625 249 672 281 89.

167 326 200 359 1.
227 326 308 366 Ave,
335 336 461 360 sacrum
485 328 572 362 vitae
595 328 724 371 flumen,

227 375 377 418 Paradisi
402 385 518 416 purum
543 378 660 421 lumen,

272 422 340 455 Nos
366 424 540 457 clementer
569 426 703 468 respice,

227 470 320 502 Intra
346 471 472 504 domum
499 472 656 506 ubertatis

228 518 296 551 Nos
322 521 466 552 torrente
492 521 666 560 voluptatis

273 566 490 600 Abundanter
519 567 626 602 refice.

169 634 200 667 2.
227 633 308 672 Ave,
337 634 425 667 clara
449 635 545 667 stella
569 636 678 677 maris,
860 637 891 669 6.

227 681 410 721 Disciplina
435 683 596 723 salutariS,

275 729 344 762 Nos
370 731 509 762 emunda
532 730 623 768 vitio,

229 777 276 809 Te
301 778 471 817 permittas
494 787 580 811 nunc
604 779 764 819 apprendi

227 826 290 858 Per
316 825 496 867 exemplum
521 829 553 858 te
576 827 741 866 sequendi,

274 872 327 906 Ne
350 883 408 906 nos
434 875 545 915 tangat
569 874 659 907 ultio.

167 940 198 973 3.
224 940 306 978 Ave,
335 940 446 972 domus
473 941 641 981 castitatis,
858 943 887 975 7.

228 987 399 1027 Templum
424 997 539 1028 purum
564 989 757 1030 sanctitatis,

276 1036 339 1068 Dei
361 1036 459 1076 plena
482 1037 596 1078 gratia,

225 1083 378 1116 Nostram
403 1082 482 1116 offer
505 1084 575 1116 Deo
599 1093 739 1123 precem,

225 1130 342 1164 Gordis
366 1131 470 1164 nostri
494 1132 615 1164 munda
637 1131 761 1165 faecem

274 1179 475 1212 Delictorum
505 1179 607 1212 venia.

161 1246 195 1278 4.
222 1247 303 1287 Ave,
330 1247 421 1287 virgo
446 1255 537 1279 mons
569 1246 699 1288 electus,
855 1248 887 1281 8.

224 1294 260 1326 In
288 1303 350 1335 quo
377 1294 462 1327 Deus
489 1303 585 1327 carne
609 1297 713 1327 tectus

269 1342 379 1383 Elegit
404 1342 577 1384 quiescere,

222 1391 284 1429 Qui
309 1399 369 1421 nec
395 1390 505 1423 dolum
528 1399 668 1431 unquam
693 1390 768 1433 egit,

223 1438 293 1470 Nec
317 1438 452 1478 pudoris
478 1438 619 1471 claustra
643 1437 750 1479 fregit,

271 1487 351 1520 Cum
376 1489 410 1518 te
435 1484 513 1518 fecit
536 1494 662 1526 parere.

712 248 874 282 Meditatio
896 250 933 282 (le
954 250 1042 282 BMV.

862 332 893 364 5.
920 331 1003 373 Ave,
1029 331 1120 372 virgo
1145 339 1239 371 quam
1263 329 1386 363 invenit

920 380 1037 412 Puram
1063 379 1149 411 Deus
1175 381 1206 410 et
1232 378 1396 419 praevenit

964 426 1256 466 Benedictionibus,

920 474 1016 514 Cujus
1043 476 1138 515 caput
1161 478 1254 515 pater
1279 474 1368 506 unxit

917 522 963 555 Et
987 523 1113 555 ornavit
1140 525 1172 553 et
1197 522 1344 555 distinxit

967 569 1129 602 Virtutum
1155 569 1330 611 lapidibus,

917 637 998 677 Ave,
1026 637 1126 678 virgo,
1153 635 1261 669 fructu
1287 638 1375 677 cujus

916 685 963 718 Et
985 694 1102 724 sapore
1126 683 1249 717 fruetus
1274 684 1368 726 hujus

965 731 1145 765 Recreatur
1170 732 1318 773 populus,

915 781 1018 813 Facta
1043 781 1135 821 virga
1158 779 1269 813 florem
1296 780 1413 820 dando,

916 828 1056 860 Mortem
1081 828 1182 860 hostis
1209 827 1375 869 effugando

962 873 1067 908 Facta
1090 879 1252 916 tamquam
1275 876 1420 909 baculus.

914 942 996 980 Ave,
1024 943 1122 984 virgo,
1150 941 1221 975 fons
1248 943 1400 983 signatus,

914 990 1014 1030 Quam
1039 990 1181 1031 signavit
1205 990 1351 1023 Christus
1375 992 1469 1022 natus

965 1038 1079 1070 Vultus
1105 1038 1155 1069 sui
1179 1038 1307 1080 lumine,

912 1085 998 1117 Dum
1023 1086 1055 1117 in
1082 1088 1154 1117 ortu
1179 1086 1349 1118 salvatoris

916 1132 988 1165 Stat
1011 1133 1142 1165 illaesus
1165 1131 1225 1165 fios
1249 1134 1383 1173 pudoris

965 1180 1185 1213 obumbrante
1209 1180 1347 1214 flamine.

913 1247 995 1288 Ave,
1021 1248 1121 1289 virgo,
1149 1257 1208 1287 pro
1232 1256 1283 1280 me
1311 1257 1397 1289 roga,

915 1296 962 1328 Te
986 1295 1141 1335 produxit
1164 1305 1327 1337 synagoga

963 1342 1053 1375 Sicut
1077 1343 1172 1384 spina
1196 1343 1309 1386 lilium,

913 1391 1096 1431 Dereliquit
1119 1394 1152 1422 te
1175 1391 1318 1424 Judaeus

913 1439 958 1471 Et
982 1439 1156 1479 assumpsit
1179 1448 1315 1479 sponsus
1340 1440 1428 1472 Deus

961 1487 1000 1520 In
1025 1486 1133 1520 throni
1159 1487 1362 1522 consortium.

511 1554 542 1586 9.
569 1553 651 1595 Ave,
679 1553 833 1593 templum
858 1553 920 1585 Dei
945 1555 1099 1594 sanctum,

565 1600 750 1634 Peccatoris
775 1601 851 1634 audi
875 1602 1037 1641 planctum

612 1649 659 1681 Et
683 1649 790 1681 cordis
816 1650 975 1691 suspiria3

565 1696 627 1730 Dei
653 1696 786 1738 coelum,
810 1697 872 1730 Dei
898 1698 1002 1737 sedes,

565 1744 638 1778 Duc
663 1748 695 1777 et
719 1754 794 1786 rege
819 1748 946 1778 nostros
970 1746 1070 1787 pedes

611 1793 665 1825 Ad
692 1794 774 1825 coeli
802 1793 928 1827 sedilia.

235 1870 316 1898 Orat.
341 1879 396 1898 ms.
422 1870 620 1906 Tegrinsense
645 1878 722 1898 saec.
753 1868 796 1897 15.
820 1869 891 1898 Clm.
913 1870 1068 1898 Monacen.
1089 1868 1190 1898 20110
1211 1871 1247 1898 A.
1271 1885 1304 1889 —
1327 1870 1407 1899 Orat.
1429 1880 1482 1899 ms.

156 1908 494 1982 {bssrffgzgtggisggaee
525 1906 569 1936 15.
593 1908 666 1936 Clm.
687 1909 842 1937 Monacen.
865 1906 949 1937 6053.
968 1908 1002 1936 Β.
1026 1923 1061 1928 -
1085 1907 1109 1944 l,
1134 1907 1148 1936 1
1171 1910 1253 1938 vitae
1273 1909 1373 1937 lumen
1391 1910 1423 1938 B.
1446 1925 1483 1930 —-

466 2096 515 2129 90.
555 2095 679 2130 Jubilus
701 2097 738 2130 (le
759 2097 895 2139 singulis
915 2097 1062 2131 membris
1082 2098 1169 2130 BMV.

180 2189 210 2222 1.
238 2189 320 2228 Ave,
346 2187 465 2227 Maria,
492 2187 582 2230 virgo
608 2188 674 2230 pia,

239 2237 316 2269 Vita
342 2235 406 2277 dia,
432 2236 489 2268 lux
515 2239 548 2268 et
572 2236 634 2277 via,

286 2284 381 2319 Omni
401 2285 500 2325 plena
524 2284 638 2326 gratia,

237 2333 437 2375 Angelorum
460 2332 662 2373 imperatrix,

238 2381 339 2422 Coeli,
366 2384 474 2414 terrae
501 2381 706 2426 dominatrix,

284 2430 334 2464 Tu
359 2430 430 2463 sola
456 2430 536 2463 dans
562 2429 688 2465 solatia.

877 2191 908 2223 2.
937 2189 1043 2230 Salve,
1078 2198 1205 2222 sacrum
1229 2189 1292 2223 Dei
1317 2191 1482 2234 templum,

935 2238 985 2270 Tu
1010 2237 1140 2270 virtutis
1163 2247 1197 2270 es
1223 2239 1404 2279 exemplum

981 2285 1025 2318 Et
1051 2286 1216 2327 speculum
1241 2288 1428 2329 munditiae,

934 2336 986 2368 Tu
1011 2334 1113 2367 lilium
1139 2335 1308 2376 castitatis,

933 2382 1028 2418 Viola
1055 2383 1253 2425 humilitatis,

978 2431 1056 2465 Flos
1083 2432 1223 2466 candens
1248 2432 1435 2475 pudicitiae.
