1653 2668
691 140 928 175 —89—

154 237 209 271 13.
236 237 303 277 Quo
327 236 556 270 inaestimabili

283 285 331 317 Te
355 283 514 317 felicitate

235 332 350 365 Ditans
375 332 531 365 ineffabili

283 381 385 413 Ornat
410 380 585 422 dignitate3

238 428 317 461 Vale
341 428 426 470 hinc,
453 428 611 461 laudabili

283 476 429 509 Vernaus
456 476 600 516 caritate,

235 524 323 565 Ergo
348 525 480 569 grande,

238 572 390 605 Gaudens
415 572 536 613 plaude

283 621 321 653 In
345 620 558 661 jucunditate.

155 678 209 712 14.
238 678 323 711 Hinc
347 680 404 722 est,
432 678 517 719 quod
543 677 671 710 edicere

287 726 385 759 Nulla
410 728 558 759 creatura

237 774 332 806 Valet
356 782 416 807 nec
447 773 565 806 elicere

283 822 408 855 Laudis
434 825 489 855 tua
511 822 595 864 jura,

235 870 299 911 Eja
323 879 375 902 me
401 870 596 911 conspicere,

284 918 403 959 Mater,
429 918 510 951 haec
533 926 683 959 procura,

234 966 324 999 Dans
350 967 479 999 beatum

235 1014 321 1047 Mihi
346 1016 466 1047 statum

289 1062 365 1095 Vita
388 1063 422 1094 in
447 1061 567 1096 futura.

155 1120 211 1154 15.
236 1120 338 1160 Deus,
365 1129 490 1152 summa
512 1118 642 1151 trinitas

286 1168 361 1201 Tibi
387 1168 433 1199 nil
459 1171 597 1207 recusat,

237 1216 335 1256 Cujus
361 1224 399 1249 ac
424 1215 618 1256 benignitaS,

286 1264 332 1297 Ut
356 1264 416 1307 viS‚
443 1263 574 1305 quaevis
602 1264 700 1304 cusat,

237 1312 325 1353 Ergo
350 1312 392 1344 tis
416 1311 596 1353 virginitas,

285 1360 385 1400 Quam
408 1360 475 1400 jam
500 1359 548 1392 sic
574 1359 715 1400 decusat,

236 1408 345 1441 Pellat
368 1407 484 1450 labem,

240 1456 358 1488 Mortis
383 1455 502 1496 tabem,

287 1503 375 1542 Quae
395 1512 456 1545 me,
482 1503 556 1545 heu,
580 1504 715 1535 incusat.

843 238 898 272 16.

847 680 901 713 17.

845 1120 901 1154 18,

925 239 1045 271 Precor
1069 241 1102 269 te
1127 247 1187 278 per
1211 238 1327 279 tristia,

973 287 1061 326 Quae
1082 289 1116 318 te
1136 286 1191 317 bic
1214 286 1387 327 laeserunt,

926 333 971 365 Et
994 342 1054 373 per
1081 332 1200 367 Christi
1224 334 1351 375 gaudia,

974 382 1061 422 Quae
1087 385 1120 414 et
1143 384 1199 414 tua
1224 385 1317 415 erunt

926 429 972 461 Et
992 432 1067 461 sunt
1090 438 1175 461 nunc
1197 429 1230 462 in
1253 431 1359 471 patria

975 477 1066 510 Sicut
1090 486 1169 518 prae
1193 476 1333 523 fuerunt,

927 524 1013 557 Sana
1038 527 1178 567 cunctos,

927 573 1019 616 Veni,
1045 576 1193 615 punctos,

978 621 1038 660 Qui
1062 630 1114 653 me
1138 621 1328 655 infecerunt.

928 678 1048 710 Precor
1072 682 1104 711 te
1127 688 1187 719 per
1208 680 1356 712 meritum

976 727 1123 760 Omnium
1149 730 1341 768 sanctorum,

928 774 992 807 Per
1015 774 1058 807 tis
1083 783 1197 808 nomen
1223 776 1379 815 inclitum,

973 823 1037 855 Per
1061 826 1170 864 temet,
1196 821 1254 855 fios
1279 822 1403 866 florum,

926 870 978 903 Da
1001 873 1038 902 ut
1061 880 1125 903 non
1153 872 1340 904 demeritum

976 919 1139 951 Scelerum
1160 928 1303 952 meorum

927 966 983 999 Me
1010 966 1183 1008 demergat,

927 1014 1016 1053 Quae
1040 1014 1205 1055 abstergat

975 1063 1151 1095 Precamen
1176 1065 1369 1095 sanctorum.

927 1119 1047 1152 Precor
1072 1122 1107 1152 te
1130 1128 1189 1159 per
1215 1124 1401 1160 sanguinem

974 1166 1019 1200 Et
1043 1176 1103 1207 per
1127 1176 1247 1207 poenas
1274 1167 1404 1210 Christi,

928 1216 992 1247 Per
1017 1224 1143 1248 sacram
1166 1216 1383 1257 propaginem,

976 1262 1028 1295 Ex
1054 1272 1116 1303 qua
1141 1263 1302 1303 prodiisti,

927 1310 1014 1350 Quae
1038 1310 1142 1343 Deum
1168 1315 1200 1343 et
1224 1311 1384 1344 hominem

975 1358 1075 1399 Virgo
1101 1360 1250 1401 genuisti,

928 1406 1024 1439 Hunc
1053 1415 1151 1439 exora

929 1454 1063 1493 Absque
1086 1463 1177 1487 mora

977 1502 1041 1534 Pro
1066 1510 1127 1542 me,
1153 1505 1190 1534 ut
1214 1503 1340 1535 novisti.

519 1561 574 1595 19.
601 1561 664 1593 Per
688 1561 823 1601 patrem,
850 1559 1005 1600 piissima,

652 1609 715 1641 Per
742 1606 883 1648 verbum,
909 1615 969 1647 per
990 1605 1116 1647 flamen,

605 1656 689 1696 Quos
716 1656 811 1688 credo
836 1653 1019 1688 firmissima

652 1704 755 1737 Deum
780 1712 877 1736 unum
902 1705 1007 1735 tamen

603 1752 698 1794 Fide,
725 1754 767 1793 te,
793 1751 1005 1790 sanctissima,

653 1801 782 1841 Precor,
808 1802 845 1831 ut
868 1799 1008 1832 solamen

606 1849 689 1881 Mihi
713 1848 770 1889 pia

606 1897 657 1930 Sis
682 1896 789 1930 Maria

652 1946 745 1978 Hora
767 1944 892 1977 mortis,
944 1945 1056 1977 Amen.

231 2014 320 2044 Scala
346 2013 422 2042 coeli
445 2021 522 2041 saec.
552 2011 595 2041 14.
618 2020 663 2040 eir.
686 2010 756 2040 (jod.
778 2011 902 2046 Pragen.
925 2008 1002 2037 XIH
1021 2008 1048 2036 Ε
1069 2007 1095 2037 3.
1119 2025 1124 2029 -

1179 2011 1307 2046 „Incipit
1327 2012 1421 2038 oratio
1443 2010 1478 2038 de

152 2055 272 2093 gaudiis
294 2052 471 2090 quibusdam
494 2051 600 2080 beatae
618 2047 773 2087 virginiS.³‘
796 2064 833 2068 —
857 2047 901 2083 17,
921 2045 939 2075 8
959 2047 1041 2076 fehlt.
1061 2064 1099 2068 -—

557 2202 600 2234 61.
636 2202 679 2234 De
700 2202 822 2242 septem
846 2200 972 2233 Gaudiis
993 2199 1082 2231 BMV.

472 2296 501 2329 1.
531 2294 748 2327 Gubernantis
774 2302 915 2334 superna
936 2290 1044 2333 patria

527 2343 750 2377 Decantantur
774 2345 908 2382 septena
932 2340 1050 2381 gaudia

528 2392 670 2424 Primum
698 2391 825 2425 dicens:
852 2393 887 2422 tu
911 2389 1009 2431 plena
1037 2389 1150 2429 gratia,

575 2441 685 2480 Inquit
707 2440 788 2475 Ave.
