1653 2668
597 539 659 573 219.
699 538 743 570 De
763 539 866 572 Rebus
887 539 1045 572 Humanis.

162 630 190 663 1.
217 628 343 669 Lingua
368 627 469 669 rudis,
496 628 594 660 hebes
618 628 745 668 ingenio

219 676 289 709 Viri
313 676 402 709 docti
425 684 602 708 sermonem
629 676 723 718 facio,

219 725 284 758 Sed
294 724 372 764 quid
378 724 502 766 loquar,
513 724 792 765 quiloquinescio'?

218 772 404 805 Necessitas
431 775 464 805 et
479 781 543 805 non
561 773 792 813 praesumptio.

160 832 191 864 2.
219 830 309 863 Nulli
333 832 476 863 vestrum
501 839 576 863 reor
599 830 792 872 ambiguum,

218 879 307 912 Viris
331 878 424 911 bonis
442 878 504 911 hoe
521 887 591 911 esse
610 887 793 920 congruum,

217 926 264 961 Ut
285 929 457 967 supportet
481 936 613 967 magnus
635 927 793 970 exiguum,

216 975 358 1016 Aegrum
368 984 464 1007 sanus
475 974 654 1016 etprudens
661 973 791 1007 fatuum.

159 1035 191 1067 3.
218 1032 269 1066 Ne
293 1032 354 1065 sim
381 1033 494 1073 dignus
521 1035 554 1064 et
578 1041 651 1064 reus
676 1033 760 1073 odio,

217 1080 253 1114 Si
277 1081 442 1113 lucernam
465 1089 584 1120 ponam
597 1080 656 1113 sub
675 1080 793 1121 modio,

218 1129 302 1168 Quid
329 1129 369 1161 de
394 1129 490 1161 rebus
515 1128 662 1160 humanis
679 1128 791 1172 sentio,

218 1177 278 1211 Pia
302 1177 391 1217 loqui
410 1176 504 1217 jubet
527 1176 672 1209 intentio.

159 1236 190 1269 4.
216 1234 268 1268 Ne
293 1244 350 1268 vos
375 1237 489 1275 gravet
510 1235 608 1276 longa
631 1234 784 1277 narratio,

219 1282 290 1316 Nec
303 1283 456 1315 dormitet
467 1283 570 1314 lector
582 1291 662 1323 prae
674 1282 793 1324 taedio,

217 1331 287 1364 Nec
310 1331 364 1363 Tu
386 1334 496 1364 autem
522 1331 610 1363 dicat
624 1331 657 1363 in
674 1330 792 1372 medio,

218 1379 335 1412 Verbis
352 1379 483 1412 brevem
502 1387 680 1411 sermonem
698 1377 791 1412 facio.

159 1448 189 1481 5.
215 1447 271 1480 Ad
297 1450 461 1480 aeternam
485 1446 720 1479 beatitudinem

217 1496 329 1536 Ipsum
341 1495 432 1527 Deus
449 1503 605 1527 revocans
622 1495 793 1535 hominem,

215 1544 359 1577 Verbum
384 1552 485 1584 suum,
512 1551 603 1575 suam
623 1542 793 1583 imaginem

215 1592 308 1626 Misit
320 1592 363 1624 ad
373 1600 431 1624 nos
439 1600 499 1632 per
507 1591 616 1623 mitem
626 1591 792 1631 virginem.

158 1663 190 1695 6.
215 1660 279 1693 Est
302 1659 395 1692 unita
421 1659 524 1691 deitas
548 1658 681 1698 homini,

217 1708 317 1741 Servo
343 1716 400 1740 suo
426 1715 567 1747 persona
590 1706 732 1747 Domini,

214 1756 315 1790 Morti
341 1756 419 1796 vita,
446 1755 602 1795 splendor
628 1754 766 1796 caligini,

215 1804 351 1838 Miseria
376 1803 582 1837 beatitudini.

157 1875 187 1908 7.
216 1873 342 1906 Scimus
367 1872 432 1905 ista
456 1871 678 1913 potentialiter

212 1922 320 1962 Magis
344 1919 434 1954 faeta
459 1923 547 1952 certe
572 1929 667 1961 quam
685 1919 791 1961 aliter,

213 1970 440 2003 Scrutantibus
466 1968 679 2009 spiritualiter

212 2019 304 2053 Scire
331 2018 436 2058 datur,
463 2017 571 2050 nescio
598 2016 747 2057 qualiter.

153 2090 185 2124 8.
211 2088 296 2120 Arte
319 2086 412 2127 mira,
438 2084 520 2117 miro
547 2084 679 2117 consilio

211 2134 347 2177 Quaerit
370 2142 463 2167 ovem
487 2133 590 2166 bonus
615 2132 725 2176 opilio,

213 2182 414 2225 Vagantibus
439 2182 473 2215 in
499 2182 561 2215 hoc
586 2182 698 2214 exsilio

212 2233 354 2266 Locutus
381 2234 431 2264 est
454 2230 547 2263 nobis
570 2231 604 2262 in
628 2228 705 2264 fi1i0.

152 2304 183 2336 9.
207 2301 273 2334 Sed
300 2309 370 2332 cum
394 2307 473 2331 suae
489 2298 605 2331 mentis
624 2297 791 2330 consilium

210 2348 372 2383 Patefecit
393 2347 515 2380 mundo
539 2356 598 2388 per
622 2345 735 2388 filium,

211 2399 257 2433 Ut
281 2397 428 2438 neglecto
456 2396 543 2429 cultu
568 2395 745 2437 gentilium,

210 2448 314 2481 Deum
327 2447 441 2480 noscat
452 2444 500 2478 sic
513 2454 604 2478 error
612 2443 785 2486 hominum,

853 629 907 663 10.
935 630 1105 662 Poetarum
1130 629 1279 662 seductos
1304 627 1421 661 fabulis

936 678 1090 710 Veritatis
1114 678 1267 710 instruxit
1290 677 1419 717 regulis,

935 725 1041 766 Signis
1065 725 1175 757 multis
1199 728 1295 765 atque
1317 724 1482 757 miraculis

934 773 1049 806 Fidem
1068 782 1176 806 veram
1195 773 1284 806 dedit
1295 772 1480 805 incredulis.

853 831 908 865 11.
937 831 1164 864 obmutescant
1187 831 1325 863 humana
1348 829 1445 869 labia,

934 879 991 911 Nil
1000 879 1168 918 oecultum,
1176 880 1241 918 jam
1249 880 1360 918 patent
1366 877 1481 918 omnia,

933 926 1102 960 Revelavit
1125 935 1219 959 sacra
1242 926 1375 958 latentia

934 974 1008 1007 Non
1033 975 1160 1015 sapiens
1185 974 1242 1006 sed
1267 973 1434 1013 sapientia.

855 1034 909 1065 12.
938 1031 1141 1064 Conticescas
1167 1030 1239 1073 fari,
1266 1033 1439 1071 tementes,

937 1080 1005 1114 Ubi
1028 1081 1138 1120 palam
1162 1079 1303 1120 loquitur
1327 1078 1458 1118 veritas,

937 1127 1027 1167 Quod
1041 1127 1150 1160 divina
1165 1126 1280 1167 probat
1298 1126 1482 1168 auctoritas,

935 1175 1008 1208 Non
1023 1175 1183 1216 improbet
1199 1174 1334 1207 obscura
1347 1173 1482 1208 falsitas,

855 1235 910 1267 13.
935 1233 1040 1274 Hujus
1066 1232 1176 1265 mundi
1196 1232 1352 1272 praeterit
1369 1231 1482 1270 orbita,

934 1280 1053 1314 Stricta
1079 1281 1168 1313 ducit
1183 1281 1226 1313 ad
1245 1280 1343 1312 vitam
1359 1280 1483 1319 semita,

935 1330 994 1369 Qui
1004 1332 1166 1362 scrutatur
1171 1337 1277 1360 rerum
1284 1327 1481 1367 abscondita,

935 1377 1122 1410 Trutinabit
1146 1377 1285 1409 omnium
1310 1375 1434 1409 merita.

852 1436 908 1470 14.
934 1435 1046 1470 :fustus
1074 1434 1192 1475 judex,
1224 1436 1388 1513 ἰῃέρθοῖοῑ·
1414 1441 1483 1465 cor-

936 1530 1003 1563 Nos
1028 1531 1069 1562 ad
1095 1538 1186 1562 suum
1203 1490 1482 1569 trahilgr‘iludiciuQ

933 1577 1484 1618 Redditurusadpondusproprium

934 1626 1032 1660 Bonis
1047 1626 1141 1669 bona,
1166 1625 1260 1658 malis
1278 1625 1481 1665 contrarium,

853 1686 906 1719 15.
935 1686 972 1718 In
1002 1685 1064 1717 hae
1087 1684 1155 1716 vita
1178 1684 1294 1716 misere
1319 1682 1446 1726 vivitur,

934 1734 1067 1767 Vanitas
1074 1735 1230 1767 estomne.
1241 1731 1325 1771 quod
1333 1731 1483 1772 cernitur,

935 1781 1018 1814 Heri
1041 1784 1145 1820 natus,
1171 1779 1270 1812 hodie
1292 1780 1438 1820 moritur,

933 1829 1047 1862 Finem
1058 1828 1155 1862 habet
1164 1836 1266 1868 omne,
1277 1828 1361 1868 quod
1372 1828 1482 1860 oritur.

852 1889 906 1923 16.
935 1888 1000 1921 Sed
1013 1887 1067 1929 qui
1078 1887 1169 1920 dedit
1177 1886 1218 1919 ad
1230 1888 1355 1926 tempus
1365 1885 1483 1926 vivere,

932 1934 1484 1975 Vitambrevempotestproducere‚

934 1984 1041 2017 Vitam
1066 1986 1174 2024 potest
1192 1983 1231 2015 de
1246 1984 1349 2015 morte
1365 1981 1483 2023 facere,

934 2033 993 2074 Qui
1017 2036 1160 2065 mortuus
1183 2034 1290 2071 potest
1306 2039 1483 2072 resurgere.

853 2093 906 2126 17.
934 2091 1001 2124 Nos
1027 2091 1069 2123 ad
1091 2098 1190 2130 regna
1206 2092 1300 2122 vocat
1317 2089 1476 2131 coelestia,

931 2139 999 2175 Ubi
1019 2147 1152 2180 prorsus
1176 2138 1266 2170 nulla
1289 2137 1429 2178 miseria,

934 2188 998 2222 Sed
1017 2188 1164 2228 voluptas
1181 2186 1299 2218 adsunt
1312 2188 1344 2217 et
1355 2186 1482 2227 gaudia,

936 2237 1014 2270 Cum
1039 2236 1082 2268 sit
1097 2235 1186 2268 Deus
1204 2234 1349 2267 omnibus
1367 2235 1482 2267 omnia.

851 2297 906 2330 18.
933 2295 1106 2329 Puniamus
1132 2294 1251 2326 virtute
1276 2291 1397 2331 vitium,

932 2344 1069 2377 Terreat
1097 2352 1156 2375 nos
1183 2341 1267 2383 ignis
1287 2341 1483 2379 incendium,

933 2391 1064 2433 Foetor,
1072 2391 1165 2424 fletus
1173 2390 1487 2432 etstridordentium‚

932 2442 1028 2483 Cujus
1055 2443 1144 2474 caret
1169 2438 1233 2473 fine
1259 2438 1464 2480 supplicium.
