1653 2668
506 1338 561 1371 10.

507 1558 561 1591 11.

507 1778 561 1811 12.

508 1997 562 2031 13.

509 2217 564 2251 14.

730 143 989 178 -126—

587 243 732 275 Salutata
757 240 887 273 coelesti
909 240 1020 273 nuntio

588 290 774 323 Gravidaris
800 289 907 322 divino
932 288 1033 330 radio,

586 339 650 372 Sed
675 346 745 369 cum
769 339 881 370 venter
905 335 1066 377 gravescit
1088 333 1155 367 filio

588 385 758 418 Laurearis
782 384 929 418 vernanti
953 383 1031 417 lilio,

586 464 672 501 Quae
697 463 851 502 conceptu
875 461 945 492 sola
967 469 1030 492 non
1052 458 1182 500 laberis»,

583 511 684 543 Partu
707 518 811 550 poena
835 508 923 540 nulla
946 507 1146 548 deprimeris,

582 558 656 590 Vim
680 560 822 599 naturae,
849 556 950 596 virgo,
974 554 1219 596 transgrederis,

583 605 701 637 Natum
724 605 854 645 gignens
879 603 911 636 vi
936 603 1016 635 casti
1041 602 1191 635 foederis..

551 706 557 713 .
583 680 629 714 Ut
653 689 778 724 aurora,
807 680 905 720 virgo,
931 679 1146 721 progrederis,

586 728 691 761 Solem
716 731 826 760 tenens
853 728 974 759 coelum
1000 725 1148 767 efficeris,

584 776 757 808 Paradisus
782 776 956 816 praedigne
983 775 1110 815 diceris,

586 823 663 856 Cum
687 824 772 857 1111110
795 824 880 856 vitae
904 822 1043 855 fructum
1066 821 1250 863 protuleris.

587 899 692 932 Solem
716 908 826 931 verum
853 900 926 931 (111111
953 900 1024 932 511111
1048 899 1177 940 retines,

585 948 670 980 Dum
693 948 823 988 regii-as,
851 956 957 979 moves
983 950 1015 978 et
1039 947 1186 986 sustines,

586 995 683 1028 Omni
712 996 799 1027 coelo
825 999 859 1026 tu
885 995 959 1035 quia
982 994 1171 1036 praemffies,

587 1044 748 1084 Centrum,
774 1043 942 1083 sphaeram
969 1043 1091 1075 claudis
1118 1045 1150 1073 et
1176 1042 1326 1075 contines.

553 1145 558 1151 .
584 1119 713 1151 Florem
736 1118 835 1160 foves,
862 1119 1110 1161 adolescentula,

588 1166 654 1205 Quo
679 1165 830 1199 reflorent
853 1170 988 1199 venusta
1011 1167 1149 1207 saecula,

587 1213 684 1246 Flore
708 1215 842 1255 fulgens,
869 1223 886 1246 o
912 1215 1012 1255 virgo,
1040 1215 1173 1254 virgula,

585 1262 631 1293 Te
654 1263 800 1294 tellurem
824 1262 984 1303 prompsit
1006 1262 1086 1294 haec
1109 1262 1258 1302 primula.

589 1338 713 1370 Sertum
738 1338 798 1370 tibi
823 1336 903 1370 facis
929 1339 969 1371 de
993 1338 1070 1382 lilio7

591 1385 681 1424 Quod
706 1386 839 1417 assumis
866 1386 907 1418 de
930 1386 1002 1418 sinu
1025 1386 1168 1428 proprio,

588 1433 725 1472 Quorum
751 1442 882 1465 cernens
906 1436 939 1465 te
963 1434 1043 1466 lucis
1066 1435 1149 1475 legio

586 1482 765 1514 Veneratur
788 1482 924 1522 supplex
949 1482 1073 1522 religio.

587 1557 660 1598 Ε]“3,
687 1558 786 1598 virgo,
813 1567 893 1599 quae
918 1558 965 1589 510
988 1567 1047 1598 pro
1071 1559 1200 1590 homine

586 1605 689 1637 Deum
714 1605 814 1637 trahis
840 1615 859 1638 a
882 1607 962 1638 coeli
988 1607 1129 1647 cardine,

587 1653 654 1685 Nos
679 1653 830 1686 sublimes
853 1654 893 1685 de
916 1657 1024 1686 terrae
1047 1654 1175 1687 turbine

587 1699 758 1734 Infulando
785 1702 912 1734 coelesti
938 1702 1066 1737 lumine.

588 1777 608 1810 J
611 1785 696 1808 esum
722 1778 763 1809 ad
788 1787 845 1809 nos
871 1787 938 1809 cum
964 1779 1037 1818 ipsa
1060 1779 1208 1822 t1·axe1·iS‚

589 1824 655 1857 Nos
680 1825 722 1857 ad
746 1826 852 1866 ipsum
875 1829 963 1857 recte
988 1826 1189 1867 conduxeris,

586 1872 674 1905 Velis
700 1882 784 1914 ergo,
810 1874 894 1913 quod
921 1874 1058 1906 clemens
1082 1875 1214 1915 poteris,

586 1920 630 1952 Et
654 1923 816 1953 aeternam
838 1921 967 1953 laudem
990 1922 1178 1956 lucraberis.

588 1997 697 2036 Ipsum
722 1997 825 2029 Deum
849 1996 1023 2038 fulgentem
1048 2000 1173 2040 superis

587 2045 746 2086 Vinctum,
772 2046 873 2086 virgo,
898 2047 1025 2079 traxisti
1049 2048 1184 2088 miseris,

587 2093 631 2125 Et
657 2101 726 2124 cum
749 2093 872 2136 implet,
899 2094 1107 2135 quodcunque
1127 2096 1273 2137 jusseris,

588 2140 703 2172 Nonne
729 2141 789 2173 dea
814 2141 944 2173 deorum
970 2142 1111 2175 diceris?

591 2216 705 2249 Grates
729 2217 800 2258 tibi,
826 2227 907 2258 quae
928 2221 982 2251 tuo
1008 2229 1139 2253 munere

588 2265 671 2297 Mihi
696 2266 794 2297 dones
817 2265 881 2298 ista
905 2267 1056 2305 recolere,

588 2313 634 2345 Et
654 2313 786 2354 indigno
808 2314 876 2353 J'am
902 2315 1031 2356 dignum
1058 2317 1175 2360 dicere,

592 2360 688 2401 Cujus
715 2361 835 2393 coelum
859 2362 929 2394 13115
953 2364 1069 2396 transit
1092 2365 1205 2399 libere.

289 2431 368 2460 Orat.
388 2442 443 2463 ms.
461 2434 679 2471 Epternacense
699 2445 774 2464 saec.
800 2435 844 2464 15.
881 2438 951 2466 Cod.
971 2440 1193 2478 Lueifiburgen.
1216 2439 1240 2468 1.
