1653 2668
253 210 354 242 Stella
377 208 474 241 maris
501 206 625 247 eximia,

160 259 238 292 340.
255 257 356 289 Stella
380 255 575 295 stationaria,

252 305 297 337 Et
320 304 506 336 miserorum
531 300 642 342 gloria.

252 352 369 391 Maria,
393 351 483 391 virgo
508 350 607 391 regia,

252 398 390 442 Insignis
416 401 448 430 et
475 397 602 437 egregia

256 447 380 487 Deique
404 445 496 477 sedes
521 443 663 484 propria,

163 496 241 529 345.
255 494 420 535 Virginum
444 491 628 533 primiceria

254 542 300 574 Et
323 540 408 574 vitae
432 538 640 572 thesauraria.

253 589 371 628 Maria,
397 588 493 627 plena
518 585 632 626 gratia,

254 637 354 669 Plena
378 633 599 666 misericordia

252 683 296 715 Et
320 682 420 715 omnis
446 681 521 714 boni
547 680 649 724 copia,

163 732 240 765 350.
253 730 408 763 Veritatis
434 729 579 761 custodia

253 778 298 810 Et
322 777 435 810 salutis
459 777 604 809 materia.

253 825 368 865 Maria,
396 823 509 865 fugans
532 824 621 864 vitia,

255 873 336 913 has,
361 872 465 904 luctus
491 874 523 903 et
549 871 632 913 odia,

253 920 348 952 Vitae
372 920 528 952 reducens
550 919 667 960 gaudia

163 969 243 1003 355*
256 967 302 999 Et
325 976 469 1008 quaeque
491 967 615 1006 pellens
639 966 747 999 tristia

254 1015 300 1047 Et
323 1015 489 1047 abundans
508 1014 542 1046 in
567 1014 669 1055 gratia

256 1062 472 1103 Sublimisque
493 1062 527 1094 in
553 1062 665 1103 gloria.

788 109 834 143 <58
883 127 930 132 -

934 205 1049 248 Maria,
1076 205 1144 236 nati
1167 204 1244 244 filia,

939 252 1086 286 Genitrix
1111 254 1143 283 et
1167 251 1306 284 nutricia

843 300 922 334 360.
940 300 1089 342 cellaque
1112 299 1343 341 pigmentaria3

935 347 986 380 Tu
1011 348 1104 387 eopia
1123 346 1334 390 profectuum‚

935 395 1134 428 Resareitrix
1161 392 1351 434 defectuum,

938 442 1124 477 ordinatrix
1147 442 1326 483 affectuum,

936 490 1071 523 Pietatis
1095 490 1258 531 irriguum.

843 539 921 573 365.
936 537 983 570 Te
1007 540 1200 570 venerantur
1224 538 1339 577 omnia,

937 586 1104 625 Goelestia,
1130 585 1308 625 terrestria,

937 632 987 665 Tu
1011 634 1164 666 virtutum
1191 632 1373 673 fraglantia,

936 681 1039 713 Rosas
1063 680 1194 713 vincens
1220 685 1252 711 et
1276 680 1355 723 lilia,

938 728 989 761 Tu
1012 731 1123 760 nostra
1147 736 1221 770 spes
1249 730 1280 759 et
1304 728 1416 769 gioria,

844 777 923 810 370.
938 776 988 808 Tu
1011 776 1111 808 virtus
1138 779 1170 807 et
1193 773 1338 815 victoria,

937 825 987 856 Tu
1013 824 1150 856 clemens
1178 827 1210 856 et
1232 823 1384 864 propitia,

938 872 1007 904 Deo
1032 881 1090 904 nos
1115 871 1298 904 reconcilia.

938 919 1006 960 Ipsi
1030 920 1152 959 tibique
1176 919 1288 960 gloria,

939 967 1036 1008 LauS,
1060 968 1171 1007 honor,
1196 966 1379 999 reverentia

845 1016 924 1048 375.
939 1015 977 1048 In
1003 1014 1200 1047 saeculorum
1226 1015 1362 1047 saecula.

236 1137 315 1165 Orat.
337 1146 391 1165 ms.
412 1137 568 1166 Coelestin.
588 1145 664 1166 saec.
690 1136 733 1165 15.
769 1137 838 1165 Cod.
860 1136 1003 1165 Parisien.
1027 1134 1132 1165 18571.

612 1285 660 1317 52.
699 1285 912 1318 salutationes
931 1285 1018 1318 BMV.

187 1401 193 1408 .
221 1376 325 1419 Salve,
352 1379 455 1408 mater
476 1375 654 1417 salvatoriS,

221 1423 299 1456 Nat-i
322 1425 399 1456 nata
427 1423 589 1464 genitoris,

271 1470 418 1503 Genitrix
439 1472 594 1512 ingenua3

225 1518 282 1553 Cui
309 1528 436 1558 semper
461 1521 493 1551 et
515 1518 634 1559 ubique

223 1566 341 1600 Devoti
364 1565 476 1599 fideles
500 1567 615 1607 quique

272 1614 378 1655 Digne
400 1613 534 1646 flectunt
557 1623 669 1655 genua.

189 1706 197 1714 .
224 1680 329 1723 Salve,
356 1681 406 1712 eui
431 1681 662 1721 seripturarum

226 1727 294 1761 Nec
316 1738 379 1761 non
406 1732 438 1761 et
462 1731 679 1762 creaturarum

272 1775 377 1808 Series
405 1777 597 1818 deserviunt,

225 1823 310 1856 Dum
333 1824 410 1856 hine
434 1825 530 1867 digne
560 1825 791 1865 praedicando,

226 1871 311 1904 Hine
337 1873 486 1905 decenter
510 1872 677 1914 figurando

272 1919 400 1953 Laudes
426 1923 497 1954 tuas
523 1922 663 1961 pariunt.

194 2011 200 2017 .
229 1987 336 2029 Salve,
363 1988 485 2020 coelum
509 1988 665 2028 spiritale,

227 2034 387 2067 Summum
412 2038 507 2076 atque
531 2035 671 2076 speciale

274 2081 395 2114 Summi
419 2084 503 2124 regis
524 2084 654 2124 solium3

230 2129 358 2163 Coelum
384 2139 454 2162 eum
478 2135 566 2163 terra
595 2134 745 2172 creatum,

227 2177 291 2210 Sed
315 2188 336 2210 a
360 2182 447 2211 terra
475 2179 678 2212 sublimatum

277 2224 438 2258 Summum
463 2227 506 2259 ad
531 2225 703 2268 fastigium.

171 2292 202 2324 4.
231 2291 334 2335 Salve,
360 2301 437 2325 vera
460 2302 535 2326 casa
555 2295 642 2335 solis,

230 2339 305 2371 Veri
329 2340 391 2372 Dei
414 2349 510 2374 verae
533 2342 645 2383 prolis,

276 2387 361 2420 Aula
384 2388 445 2420 Dei
469 2389 574 2432 regia3

905 1375 1013 1408 Stellis
1039 1376 1192 1408 virtutum
1218 1378 1330 1420 celata,

902 1424 941 1456 In
965 1432 1025 1463 qua
1053 1423 1147 1465 digne
1171 1426 1245 1456 sunt
1269 1426 1372 1458 celata

951 1471 1084 1504 Secreta
1111 1472 1269 1505 coelestia.

849 1540 879 1572 5.
908 1538 1012 1581 Salve,
1038 1537 1118 1570 lucis
1144 1539 1198 1571 lux
1222 1547 1346 1577 aurora,

906 1586 978 1619 Lux
1004 1586 1173 1626 excellens
1198 1587 1254 1618 lux
1281 1587 1407 1628 decora,

953 1633 1170 1666 Tenebrarum
1194 1634 1319 1675 nescia3

905 1681 1010 1722 Digne
1035 1681 1102 1714 dies
1127 1681 1300 1726 appellata,

910 1730 989 1769 Quia
1013 1729 1088 1761 solis
1112 1729 1273 1762 illustrata

955 1777 1094 1817 Speeiali
1123 1778 1235 1817 gratia.

851 1845 881 1877 6.
909 1845 1013 1884 Salve,
1041 1844 1121 1877 coeli
1144 1843 1387 1884 firmamentum,

908 1893 1080 1925 Terrarum
1104 1893 1344 1934 operimentum,

956 1941 1155 1980 Praepotens
1179 1941 1336 1981 protectio

909 1989 954 2021 Es
979 1990 1014 2019 tu
1038 1991 1144 2020 tamen
1169 1990 1377 2029 terrenorum,

910 2036 996 2076 Quae
1022 2036 1117 2068 duum
1141 2039 1403 2070 testamentorum

957 2084 1060 2117 Facta
1085 2093 1118 2116 es
1140 2084 1173 2116 in
1198 2085 1315 2120 medio.

852 2151 883 2183 7.
911 2151 1015 2195 Salve,
1041 2154 1130 2184 terra
1152 2151 1249 2185 laude
1272 2152 1377 2194 digna,

911 2199 1037 2232 Herbas
1061 2201 1203 2233 virentes
1229 2203 1261 2231 et
1282 2201 1372 2241 ligna

959 2248 1145 2280 Producens
1170 2247 1356 2291 fructifera3

910 2294 997 2327 Rore
1021 2296 1149 2336 quidem
1174 2296 1258 2329 sacri
1282 2295 1376 2329 flatus

913 2342 1026 2375 Sacros
1050 2343 1191 2376 reddens
1217 2344 1373 2384 cogitatus

959 2390 1004 2423 Et
1028 2392 1180 2425 virtutum
1205 2401 1312 2433 opera.
