1653 2668
739 146 999 182 —207-

237 268 244 275 .
271 242 382 275 Talem
409 241 546 275 fructum
572 244 612 276 ab
638 244 777 277 Avernis

269 290 368 323 Modo
393 291 504 332 legunt
527 291 560 322 in
585 293 732 332 supernis

317 339 482 371 Montibus
509 340 691 384 coelicolae,

272 386 343 418 Non
371 386 483 419 diebus
509 389 633 420 tantum
658 388 776 430 vernis,

273 434 338 467 Sed
366 433 479 467 diebus
502 436 706 476 sempiternis

320 482 416 522 Cujus
442 482 560 515 rubent
584 483 696 516 violae.

237 573 243 582 .
272 548 367 581 Nunc
391 549 434 581 ad
459 549 564 583 virum
588 553 781 589 revertatur,

274 597 332 637 Qui
359 597 406 629 sic
431 607 487 631 suo
515 598 685 631 decoratur

319 645 465 679 Pretioso
490 647 652 690 sanguine,

273 693 333 733 Qui
358 702 418 734 pro
443 694 523 735 legis
549 695 612 727 Dei
634 704 717 735 jure,

271 740 371 780 Quam
399 742 531 774 tenebat
554 743 601 774 ita
625 752 717 786 pure,

320 789 382 822 Est
407 788 553 822 defossus
578 791 715 831 inguine.

238 882 244 889 .
272 857 353 890 Caro
377 855 439 889 fuit
464 856 551 890 ferro
569 866 672 901 caesa,

274 905 339 938 Sed
364 905 542 946 permansit
565 915 655 938 mens
679 905 793 939 illaesa

323 952 388 986 Sub
414 953 501 986 virili
525 957 668 995 pectore,

283 1000 417 1034 Carnem
443 1000 528 1035 fodit
553 1005 586 1034 et
610 1002 777 1043 cucullam,

278 1048 468 1081 Laesionem
492 1051 600 1082 ‘tamen
623 1050 745 1081 nullam

326 1098 419 1130 Mens
446 1098 547 1130 sensit
573 1099 613 1131 de
639 1106 782 1138 corpore.

925 246 956 278 8.
986 245 1088 277 Parce
1111 244 1199 286 mihi,
1222 247 1352 275 sanctus
1376 243 1468 284 dixit,

986 292 1062 325 Cum
1086 293 1249 325 cultcllum
1272 292 1355 324 latro
1380 290 1459 335 fixit,

1027 342 1131 374 Parce
1153 340 1242 380 mihi,
1269 339 1405 379 dominc,

982 389 1036 422 Ad
1057 389 1140 422 hanc
1162 396 1290 428 precem
1309 397 1345 420 se
1360 396 1424 420 non
1440 386 1531 420 flexit

982 437 1028 469 Et
1053 437 1240 477 magistrum
1262 445 1327 468 non
1350 435 1495 476 respexit

1032 485 1089 517 Vel
1114 494 1173 524 pro
1200 484 1318 517 Christi
1342 484 1478 516 nomine.

927 553 959 585 9.
988 551 1061 584 Non
1086 553 1135 584 est
1153 550 1255 583 flexus
1278 560 1339 583 nec
1361 554 1502 583 mutatus

987 599 1091 632 Homo
1116 608 1252 640 nequam
1278 601 1425 631 exoratus

1033 648 1110 680 Tam
1136 647 1398 689 misericorditer,

988 694 1051 727 Sed
1075 696 1235 735 percussit
1259 695 1359 727 virum
1383 702 1531 735 magnum

986 743 1032 775 Et
1055 743 1174 776 invasit
1197 744 1291 783 lupus
1316 752 1430 783 agnum

1036 791 1179 824 Nimium
1203 790 1388 823 abtrociter.

907 859 961 892 10.
990 858 1014 891 O
1043 858 1182 890 Geralde
1207 860 1327 895 sancte,
1354 857 1435 898 valc,

988 906 1046 939 Oui
1070 914 1184 938 nomen
1209 904 1371 938 aeternale

1039 953 1194 986 Dominus
1219 953 1353 994 largitus
1379 955 1436 993 est,

991 1001 1055 1033 Pro
1080 1010 1140 1039 me,
1169 1009 1295 1041 quaeso,
1325 1002 1507 1042 deprecare,

991 1048 1043 1080 Ne
1066 1057 1118 1081 me
1140 1052 1263 1090 mergat
1286 1048 1397 1081 mundi
1420 1056 1519 1088 mare,

1039 1096 1105 1129 Ubi
1129 1105 1221 1129 nemo
1247 1099 1334 1129 tutus
1360 1098 1416 1127 est.

510 1164 565 1198 11.
589 1164 652 1197 Ille
675 1173 734 1206 ego
758 1166 832 1196 tuus
855 1164 1025 1204 quondam,

590 1212 690 1245 Modo
715 1215 834 1256 cantor,
864 1220 920 1244 cur
945 1212 1149 1252 abscondam,

640 1260 730 1300 Quod
756 1263 806 1292 est
828 1268 932 1292 meum
959 1258 1096 1292 caneres?

590 1308 647 1341 Me
670 1308 787 1341 misisti
811 1311 900 1341 trans
924 1307 1059 1348 marina,

590 1355 640 1388 Ne
664 1359 696 1388 te
720 1365 873 1397 praesens
896 1356 931 1388 in
956 1355 1049 1388 ruina

638 1404 716 1447 Vae,
742 1413 802 1436 vae
825 1404 946 1445 possim
969 1403 1134 1445 plangere.

297 1469 366 1498 Ood.
387 1470 507 1498 Trecen.
525 1468 575 1503 (ol.
599 1467 823 1505 Glaraevallen.)
844 1467 927 1497 1444.
949 1477 1024 1498 saec.
1048 1467 1092 1497 15.

652 1600 715 1632 182.
757 1600 800 1632 De
820 1600 932 1632 sancta
955 1599 1113 1641 Hedwige.

913 1703 944 1735 3.
973 1701 1073 1736 Ducis
1098 1704 1133 1733 tu
1156 1700 1323 1733 Meraniae

247 1731 252 1737 .
278 1699 453 1742 Hedwigis,
480 1702 741 1742 praeclarissima

328 1750 438 1790 Stirpc
461 1753 642 1791 procreata,

279 1799 331 1831 Ab
358 1798 577 1831 adolescentia

329 1847 458 1879 Summo
483 1846 552 1888 regi
577 1849 679 1888 grata,

281 1895 339 1928 Pio
365 1904 399 1927 cs
423 1895 577 1927 Poloniae

331 1942 415 1975 Duci
441 1943 598 1987 copulata,

279 1990 372 2032 Mihi,
399 1991 511 2031 mater,
536 1991 675 2032 impetra

332 2039 478 2080 praemia
499 2039 606 2074 beata.

250 2135 257 2142 .
285 2104 473 2150 Exstingue,
502 2107 690 2148 castissima,

331 2155 489 2188 lubricum
517 2155 654 2189 calorem

280 2206 319 2238 In
345 2212 396 2237 me
421 2207 475 2237 tuo
500 2201 620 2237 famulo

332 2254 518 2293 castumque
542 2261 682 2285 amorem

283 2302 366 2335 Meis
391 2303 467 2341 pete
491 2301 638 2333 sensibus

331 2350 418 2391 apud
443 2348 691 2391 redemptorem,

284 2400 329 2434 Ut
356 2400 514 2432 <taenarum
539 2398 689 2431 mentium

330 2449 456 2481 vincam
482 2450 711 2489 corruptorem.

1016 1748 1084 1781 filia
1107 1750 1285 1790 praeclara,

971 1797 1040 1830 Deo
1065 1800 1098 1829 et
1121 1796 1303 1830 hominibus

1017 1845 1153 1878 Placens
1179 1848 1274 1886 atque
1299 1854 1383 1888 cara,

971 1895 1039 1927 Iter
1063 1894 1108 1926 ad
1133 1893 1284 1926 eoelestia

1016 1942 1096 1974 mihi
1121 1944 1223 1974 tutum
1248 1951 1337 1983 para,

971 1990 1021 2023 Ne
1045 1999 1097 2023 me
1121 1999 1225 2030 poena
1249 1989 1364 2023 tart-ari

1020 2039 1140 2071 cruciet
1164 2048 1282 2072 amara.

938 2133 944 2141 .
972 2103 1119 2141 Vulnera
1142 2106 1314 2147 superbiae

1019 2155 1052 2187 in
1076 2163 1128 2187 me
1154 2155 1292 2187 clemens
1319 2164 1396 2188 cura

972 2204 1110 2244 Meaque
1133 2204 1319 2243 peccamina

1023 2252 1095 2285 dele
1117 2261 1214 2292 prece
1237 2261 1329 2294 pura,

974 2301 1064 2342 Quod
1091 2301 1224 2334 evadam
1250 2299 1345 2333 inferi

1022 2352 1181 2382 tormenta
1205 2353 1270 2383 tam
1297 2350 1377 2383 dura

973 2397 1156 2439 'secumque
1179 2398 1361 2439 possideam

1023 2447 1140 2488 gaudia
1163 2450 1306 2483 ventura.
