1653 2668
198 219 230 253 3.

211 1305 229 1336 1

208 1495 226 1527 cn

179 1731 234 1764 10.

177 1968 230 2002 15.

174 2206 227 2237 20.

717 116 977 153 -182—

254 218 335 258 Ave,
362 227 464 250 comes
486 217 691 257 praedilecto,
720 246 726 252 ,

255 265 387 305 Semper
413 266 529 298 ducens
552 273 602 296 me
628 264 749 296 directe

300 313 404 345 Tuere
428 313 466 345 ab
492 312 638 351 interitu3

254 361 334 399 Ave,
364 363 468 392 custos
493 359 657 400 spin'talis,

252 408 308 440 Me
330 407 482 440 obumbra
506 407 568 439 tuis
593 407 652 439 alis

298 455 327 487 A
347 458 548 495 peccatorum
573 454 719 494 strepitu.

253 512 332 549 Ave,
359 510 415 544 flos
441 511 555 543 decore
576 511 680 551 nimis,

251 558 327 590 Flos
354 559 393 591 de
417 559 545 590 summis
571 562 601 591 et
628 559 668 591 de
691 559 803 598 primis

296 605 440 638 Paradisi
465 604 613 647 floribu33

249 654 328 696 Ave,
355 662 480 693 semper
505 653 683 694 salutande,

248 700 479 741 Amplexande‚
501 702 673 733 osculande

296 748 357 780 Pro
382 748 473 780 bonis
498 749 560 781 tuis
586 748 740 782 omnibus

876 216 907 248 5.

875 512 906 543 6.

933 216 1013 258 Ave,
1040 215 1151 247 vivens
1176 215 1359 257 margarita,

931 262 1013 295 Mihi
1040 262 1149 295 lucens
1173 263 1207 295 in
1232 263 1293 295 hac
1317 264 1393 305 vita,

982 310 1007 343 Ο
1033 311 1215 343 venerande
1236 311 1382 352 juvenis;

933 358 1063 391 Summa
1086 367 1184 398 prece
1207 368 1266 399 pro
1291 368 1342 392 me
1367 358 1440 391 fusa

933 406 982 438 Tu
1008 415 1078 437 cum
1103 407 1166 439 tuis
1191 407 1252 439 hoc
1278 416 1405 448 excusa,

980 454 1070 493 Quod
1094 454 1128 487 in
1149 463 1200 486 me
1216 453 1347 487 foedum
1365 455 1498 488 invenis.

932 513 1013 552 Ave,
1039 520 1143 543 meum
1171 512 1384 553 consolamen,

932 559 1183 591 Firmamentum
1211 562 1241 591 et
1267 562 1411 593 tutamen

978 607 1015 639 In
1042 607 1103 639 hoc
1126 607 1255 639 mortali
1279 616 1423 652 corpore,

931 655 981 687 Tu
1005 664 1064 694 pro
1089 657 1175 688 statu
1199 655 1398 696 interpellaS‚

931 702 993 734 Pro
1019 705 1110 734 reatu
1134 711 1175 735 ne
1199 703 1338 743 repellas

978 751 1044 782 Aut
1070 759 1204 789 spernas
1228 751 1294 782 ullo
1320 754 1475 791 tempore.

527 807 555 838 ¹7.
583 807 663 847 Ave,
689 806 771 839 bone
793 807 836 838 mi
861 809 1007 848 patrone,

582 854 641 893 Qui
666 856 731 885 stas
756 863 815 894 pro
840 863 890 885 me
913 855 947 886 in
972 864 1082 896 agone,

628 901 674 934 Ut
697 901 818 934 hostem
844 911 1022 943 removeas3

581 948 637 980 Me
662 951 736 988 post
759 952 893 981 mortem
919 953 972 982 tuo
1000 951 1097 981 ductu

581 996 633 1027 Ab
658 1001 788 1029 aeterno
813 1000 939 1037 raptum
965 999 1063 1040 luctu,

629 1043 758 1084 Precor,
783 1047 820 1076 ut
844 1044 912 1076 Deo
938 1045 1062 1078 offeras,

260 1105 348 1171 Ort-agl
360 1115 412 1134 ms.
433 1106 462 1134 S.
482 1107 591 1136 Albani
610 1109 759 1137 Treviren.
781 1117 856 1137 saec.
880 1108 923 1137 15.
948 1111 1017 1139 Cod.
1037 1112 1187 1139 Treviren.
1210 1109 1274 1138 199.
1296 1126 1334 1131 —-—
1355 1113 1381 1148 6,
1401 1111 1421 1140 4
1441 1120 1493 1148 pro

185 1152 248 1171 meo
270 1152 284 1171 s
300 1152 316 1171 a
351 1166 357 1171 .

613 1238 674 1269 148.
714 1238 757 1271 De
779 1239 898 1280 Angelo
921 1241 1058 1273 Custode.

868 1312 923 1343 25.
950 1311 1068 1343 Tecum
1094 1314 1218 1345 valeam
1240 1313 1352 1345 videre

236 1332 243 1338 .
268 1305 401 1346 Angele,
426 1306 479 1346 qui
501 1307 579 1340 mihi
602 1317 657 1340 reo

266 1351 445 1391 Deputatus
471 1362 505 1385 es
530 1363 549 1386 a
572 1355 651 1397 Deo,

265 1399 342 1439 Mei,
370 1409 496 1441 quaeso,
523 1410 630 1434 curam
645 1412 748 1443 ⁴geras

264 1446 309 1478 Et
332 1448 443 1480 salutis
469 1457 561 1488 opem
585 1450 680 1484 feraS.

232 1519 239 1525 .
264 1494 330 1525 Mei
355 1505 414 1535 pro
440 1494 626 1530 defensione

265 1541 359 1574 Sume
383 1544 468 1575 vires
493 1553 512 1575 a
536 1545 638 1588 leone,

263 1589 321 1628 Qui
345 1589 468 1622 leonem
493 1594 665 1633 superavit,

262 1635 327 1668 Sua
348 1641 450 1669 morte
475 1643 608 1672 mortem
631 1641 754 1685 stravit,

261 1683 307 1716 Ut
327 1685 368 1717 ad
393 1686 521 1725 plenum
548 1689 666 1720 tuearis

260 1731 324 1771 Me,
361 1742 452 1773 quem
477 1735 566 1767 velut
588 1736 682 1768 undis
706 1738 804 1770 maris

261 1778 398 1812 Intueris
422 1780 637 1817 fluctuantem.

260 1826 486 1869 Dormientem‚
512 1831 698 1871 vigilantem

259 1874 315 1905 Me
339 1877 472 1919 custodi,
499 1886 558 1910 nec
584 1880 740 1921 discedas,

261 1920 325 1953 Sed
351 1924 469 1956 virtute
494 1925 613 1958 Christi
638 1928 753 1961 caedas

256 1968 382 2013 Hostes,
415 1972 468 2011 qui
492 1982 543 2005 me
567 1979 801 2015 persequuntur

257 2016 375 2056 Meque
398 2020 536 2059 perdere
559 2023 714 2056 nituntur.

258 2063 394 2106 Mecum,
427 2076 552 2110 precor,
583 2073 619 2101 ut
642 2071 799 2111 perdures

257 2110 302 2142 Et
326 2113 497 2147 clementer
522 2116 583 2149 hoc
604 2127 769 2160 procures,

256 2157 302 2190 Ut
323 2163 494 2194 mundatus
519 2173 539 2196 a
562 2166 703 2205 peccatis

255 2205 381 2240 Cunctis
405 2210 549 2244 hostibus
573 2215 744 2253 prostratis

253 2253 365 2287 Finem
388 2258 550 2298 adipiscar
575 2261 691 2293 bonum

253 2300 298 2332 Et
321 2304 362 2336 ad
388 2313 542 2339 summum
565 2309 652 2341 vitae
677 2310 793 2350 donum

252 2348 354 2382 Tuum
378 2354 503 2386 veniam
526 2364 586 2395 per
611 2358 750 2402 ductum,

251 2395 295 2428 Ut
320 2397 443 2432 Mariae
466 2405 587 2436 ventris
612 2404 751 2438 fructum

864 1548 919 1580 30.

860 1788 915 1819 35.

858 2025 913 2058 40.

854 2265 908 2297 45.

951 1358 1027 1391 Cum
1054 1360 1226 1401 electisque
1248 1362 1400 1401 gaudere.

944 1406 1033 1447 Rogo
1059 1407 1180 1441 Christi
1202 1417 1261 1448 per
1284 1410 1445 1449 virtutem,

945 1454 1053 1487 Meam
1077 1463 1204 1497 semper
1229 1456 1271 1488 ad
1296 1458 1431 1489 salutem

945 1502 1018 1545 Die,
1044 1506 1137 1535 nocte
1161 1504 1205 1536 sis
1231 1508 1374 1548 paratus,

946 1549 996 1582 Sis
1022 1553 1054 1581 et
1078 1549 1193 1584 efficax
1217 1552 1341 1592 legatus

945 1598 997 1629 Ad
1024 1607 1193 1638 supernam
1219 1600 1400 1641 regionen13

943 1645 1050 1677 Meam
1076 1645 1125 1679 fer
1148 1648 1340 1688 legationem

946 1693 1102 1733 Virginali
1127 1696 1224 1727 matri
1246 1695 1319 1739 Dei,

943 1741 1070 1784 Petens‚
1096 1746 1133 1774 ut
1157 1743 1200 1774 sit
1222 1741 1344 1776 memor
1368 1746 1440 1779 mei.

940 1788 1055 1830 Ducat,
1091 1789 1256 1831 deprecor,
1283 1793 1326 1825 ad
1350 1796 1488 1824 mentem

942 1836 1022 1868 Tam
1047 1846 1198 1879 amaram,
1225 1841 1291 1871 tam
1314 1841 1477 1881 ingentem

942 1884 1128 1917 Passionem
1153 1895 1229 1918 suae
1254 1889 1366 1929 prolis,

941 1931 979 1963 1n
1005 1940 1068 1972 qua
1090 1934 1218 1973 gladius
1247 1935 1367 1969 doloris

941 1980 1005 2012 Gor
1027 1983 1206 2014 maternum
1231 1985 1425 2027 penetravit,

940 2026 1025 2058 Dum
1049 2030 1194 2071 eundem,
1221 2040 1314 2071 quem
1339 2033 1483 2073 lactavit,

943 2074 1095 2108 Cerneret
1119 2078 1153 2110 in
1179 2087 1274 2110 cruce
1295 2081 1387 2121 mori,

942 2122 1038 2163 Cujus
1063 2133 1125 2158 non
1153 2130 1200 2158 est
1225 2136 1287 2167 par
1314 2129 1427 2161 dolori.

939 2170 995 2203 Sui
1021 2172 1126 2205 cordis
1149 2183 1208 2215 per
1234 2176 1388 2218 dolorem,

939 2218 994 2251 Sui
1018 2220 1088 2252 nati
1111 2230 1171 2262 per
1196 2231 1341 2256 cruorem

938 2267 1068 2300 Cunctis
1092 2278 1143 2302 me
1167 2272 1308 2311 peccatis
1333 2273 1468 2305 mundet

937 2316 986 2346 Ac
1009 2316 1181 2351 virtutibus
1206 2318 1368 2362 fecundet,

934 2363 1132 2403 Spiritaliter
1156 2366 1310 2401 informet

931 2410 977 2443 Et
1000 2412 1096 2444 saluti
1120 2424 1172 2447 me
1195 2415 1359 2451 reformet.
