1653 2668
740 142 1002 179 ——151-

612 240 667 274 14.
694 240 775 282 Avo,
800 250 876 273 rosa
901 243 1054 284 caritatis,

696 288 791 320 Viola
815 289 1014 332 humilitatis,

747 336 911 370 Gastitatis
936 339 1057 380 lilium;

694 385 822 417 Prolem
848 386 951 427 gignis
979 387 1106 420 deitatis

696 432 761 465 Sub
788 433 894 474 sigillo
921 435 1088 476 castitatiS,

743 480 845 514 Nobis
869 482 964 523 placa
988 482 1100 517 filium.

283 572 370 601 Scala
390 574 467 602 coeli
489 583 565 603 saec.
589 573 633 604 14.
655 585 698 605 ex.
721 576 791 604 Cod.
811 577 936 614 Pragen.
957 579 1032 607 XIII
1051 580 1078 607 E
1100 578 1126 608 ὃ.

368 894 398 927 1.

371 1089 400 1121 5.

342 1329 396 1361 10.

340 1569 396 1603 15.

339 1812 395 1845 20.

329 2055 387 2088 25.

328 2296 385 2330 30.

675 785 741 817 124.
782 784 825 817 De
845 786 877 818 B.
897 786 1000 819 Maria
1019 788 1054 820 V.

424 895 497 928 Lux
522 896 698 942 orientalis,
725 896 829 928 amica
852 896 916 929 Dei
940 898 1100 937 specialis.

425 944 512 976 Aula
537 944 698 984 salutaris,
726 944 865 984 genitrix
890 946 979 985 pacis
1005 947 1173 989 generalis,

428 992 527 1032 Virgo
554 991 768 1032 triumphalis,
794 1001 933 1032 persona
957 994 1193 1037 magisterialis,

428 1040 553 1081 Regula
573 1041 716 1082 moraliS‚
744 1041 856 1081 regina
879 1041 1066 1081 imperialis,

430 1088 567 1121 Femina
590 1088 718 1129 regalis,
744 1086 822 1121 fidei
847 1089 936 1121 calor
961 1088 1121 1130 effigians,

431 1136 580 1168 Foedere
604 1136 764 1176 sponsalis
790 1136 849 1168 sed
874 1136 956 1169 nulli
982 1137 1180 1170 connubialis

432 1184 502 1216 Nec
526 1185 686 1216 naturalis
710 1193 786 1216 usus
811 1185 959 1224 pariendi
980 1186 1109 1229 jugalis,

425 1232 506 1273 Spes
531 1241 603 1264 mea
629 1232 776 1275 causalis,
802 1233 976 1265 mediatrix
1001 1234 1070 1266 sola
1095 1234 1225 1275 vocalis,

424 1280 562 1313 Munere
586 1280 722 1321 pluralis
747 1281 901 1321 largaque
926 1291 1020 1314 manu
1046 1282 1191 1322 venialis,

424 1329 541 1361 Hostia
565 1328 737 1369 paschalis,
766 1329 855 1369 cujus
880 1328 943 1361 fuit
965 1331 1032 1362 alta
1056 1331 1114 1363 sub
1141 1331 1211 1372 alis,

430 1376 543 1410 Gloria
567 1377 686 1417 vitalis,
715 1377 850 1409 salvatio
876 1378 1064 1418 materialis,

428 1425 494 1466 Ops
517 1424 730 1465 medicinaliS,
756 1425 897 1465 placatio
922 1426 1119 1467 subsidialis,

429 1473 554 1505 Mentio
580 1471 715 1515 festalis
743 1473 887 1513 operatio
912 1474 1112 1515 prodigialis,

429 1521 495 1554 Sed
520 1530 624 1562 neque
648 1521 766 1553 ruralis
790 1530 826 1553 se
849 1521 979 1555 miscuit
1003 1521 1162 1563 officialis,

428 1569 483 1602 Sic
507 1570 697 1601 immortalis
724 1567 786 1600 fuit
810 1570 893 1601 actio
919 1570 1107 1610 spiritualis,

418 1618 584 1658 Nullaque
613 1617 752 1650 carnalis
779 1618 941 1658 corruptio
967 1617 1063 1651 foeda
1088 1619 1219 1652 sodalis.

417 1666 496 1698 Flos
521 1675 596 1698 rosa
620 1665 760 1698 vernalis
786 1668 818 1697 et
842 1665 950 1698 fructu
974 1666 1182 1707 perpetualis,

419 1714 517 1755 Cujus
543 1715 623 1746 odor
648 1714 755 1746 suavis
781 1714 868 1746 vitiis
895 1717 944 1746 est
969 1715 1118 1756 exitialis,

421 1762 524 1795 Stella
550 1763 718 1802 diurnalia
746 1763 929 1795 reverentia
955 1763 1164 1804 catholicalis,

421 1810 587 1844 Mentibus
613 1810 759 1843 humanis
784 1819 848 1843 non
875 1814 923 1842 est
946 1811 1016 1844 laus
1043 1812 1110 1852 ejus
1134 1812 1249 1844 inanis.

419 1860 509 1892 Fons
535 1859 702 1892 rationalis
729 1861 760 1890 et
787 1858 906 1892 Christi
934 1860 1138 1902 collateralis,

416 1908 494 1941 Plus
521 1917 615 1949 quam
639 1907 768 1949 regalis,
796 1907 870 1948 quia
894 1917 958 1940 non
984 1911 1051 1940 crat
1078 1909 1180 1941 altera
1204 1909 1289 1951 talis,

414 1957 485 1989 Nec
510 1955 572 1988 fuit
595 1955 739 1998 aequalis
764 1958 830 1988 t-am
856 1954 949 1988 fortis
976 1959 1009 1988 et
1028 1956 1217 1997 imperialis.

413 2005 523 2038 Mater
549 2014 648 2037 ovans
673 2004 769 2045 regis,
796 2004 829 2036 in
856 2005 944 2045 qu'us
970 2005 1090 2037 lumine
1117 2005 1215 2046 degis,

411 2053 551 2093 Nobilis,
576 2053 723 2096 insigniS,
749 2052 977 2093 memorabilis,
1002 2054 1125 2095 inclita,
1151 2054 1249 2096 mitis,

414 2104 563 2141 Strenua,
590 2101 746 2141 sublimiS,
773 2102 830 2134 sed
857 2104 926 2134 tota
949 2104 1098 2142 potenter
1124 2102 1245 2142 herilis,

413 2152 494 2186 Jure
520 2151 629 2182 cluens
653 2150 756 2194 prole,
779 2150 909 2190 pariens
937 2153 1044 2183 tamen
1070 2151 1191 2192 absque
1217 2151 1338 2191 dolore,

416 2198 626 2239 Splendidior
651 2198 729 2241 sole,
758 2198 889 2231 coelesti
914 2199 1010 2238 plena
1037 2199 1163 2239 decore,

411 2247 481 2279 Fac
506 2246 576 2279 fore
601 2256 652 2279 me
678 2255 774 2279 curae
799 2247 868 2279 sine
892 2246 956 2279 fine
981 2250 1055 2280 tuae
1079 2248 1254 2289 geniturae,

412 2295 573 2328 Laetitiae
597 2298 710 2336 portus
735 2295 825 2336 cujus
850 2296 970 2328 mundo
994 2294 1057 2328 fuit
1081 2299 1180 2330 ortus,

267 2391 338 2421 God.
360 2393 498 2421 Vatican.
520 2389 584 2420 636.
606 2399 682 2420 saec.
706 2388 750 2419 13.
