<?xml version="1.0" encoding="UTF-8"?>
<!DOCTYPE html PUBLIC "-//W3C//DTD XHTML 1.0 Transitional//EN"
    "http://www.w3.org/TR/xhtml1/DTD/xhtml1-transitional.dtd">
<html xmlns="http://www.w3.org/1999/xhtml" xml:lang="en" lang="en">
 <head>
  <title>
</title>
<meta http-equiv="Content-Type" content="text/html;charset=utf-8" />
  <meta name='ocr-system' content='tesseract 3.04.00' />
  <meta name='ocr-capabilities' content='ocr_page ocr_carea ocr_par ocr_line ocrx_word'/>
</head>
<body>
  <div class='ocr_page' id='page_1' title='image "./analectahymnica15drevuoft_00200.png"; bbox 0 0 1653 2668; ppageno 0'>
   <div class='ocr_carea' id='block_1_1' title="bbox 722 157 980 194">
    <p class='ocr_par' dir='ltr' id='par_1_1' title="bbox 722 157 980 194">
     <span class='ocr_line' id='line_1_1' title="bbox 722 157 980 194; baseline -0.004 0"><span class='ocrx_word' id='word_1_1' title='bbox 722 157 980 194; x_wconf 79' lang='lat'>—197—</span> 
     </span>
    </p>
   </div>
   <div class='ocr_carea' id='block_1_2' title="bbox 197 251 1455 344">
    <p class='ocr_par' dir='ltr' id='par_1_2' title="bbox 197 251 1455 344">
     <span class='ocr_line' id='line_1_2' title="bbox 197 251 1325 301; baseline 0.002 -17"><span class='ocrx_word' id='word_1_2' title='bbox 197 252 232 286; x_wconf 89' lang='lat'>4.</span> <span class='ocrx_word' id='word_1_3' title='bbox 256 251 358 285; x_wconf 84' lang='lat' dir='ltr'>Matri</span> <span class='ocrx_word' id='word_1_4' title='bbox 384 251 503 286; x_wconf 81' lang='lat' dir='ltr'>Christi</span> <span class='ocrx_word' id='word_1_5' title='bbox 530 255 603 294; x_wconf 87' lang='lat' dir='ltr'>plus</span> <span class='ocrx_word' id='word_1_6' title='bbox 629 259 773 301; x_wconf 84' lang='lat' dir='ltr'>aequata,</span> <span class='ocrx_word' id='word_1_7' title='bbox 890 257 920 290; x_wconf 80' lang='lat'>7.</span> <span class='ocrx_word' id='word_1_8' title='bbox 948 257 972 290; x_wconf 97' lang='lat' dir='ltr'>O</span> <span class='ocrx_word' id='word_1_9' title='bbox 998 257 1220 297; x_wconf 85' lang='lat' dir='ltr'>argumentosa</span> <span class='ocrx_word' id='word_1_10' title='bbox 1244 254 1325 298; x_wconf 79' lang='lat' dir='ltr'>apis,</span> 
     </span>
     <span class='ocr_line' id='line_1_3' title="bbox 264 299 1455 344; baseline 0.001 -12"><span class='ocrx_word' id='word_1_11' title='bbox 264 299 397 341; x_wconf 85' lang='lat' dir='ltr'>Sponsis</span> <span class='ocrx_word' id='word_1_12' title='bbox 423 301 488 334; x_wconf 90' lang='lat' dir='ltr'>suis</span> <span class='ocrx_word' id='word_1_13' title='bbox 514 311 547 335; x_wconf 87' lang='lat' dir='ltr'>es</span> <span class='ocrx_word' id='word_1_14' title='bbox 572 304 718 344; x_wconf 82' lang='lat' dir='ltr'>praelata</span> <span class='ocrx_word' id='word_1_15' title='bbox 946 304 1032 344; x_wconf 74' lang='lat' dir='ltr'>Quae</span> <span class='ocrx_word' id='word_1_16' title='bbox 1055 306 1130 336; x_wconf 88' lang='lat' dir='ltr'>sunt</span> <span class='ocrx_word' id='word_1_17' title='bbox 1152 302 1225 344; x_wconf 86' lang='lat' dir='ltr'>Dei,</span> <span class='ocrx_word' id='word_1_18' title='bbox 1250 302 1333 335; x_wconf 87' lang='lat' dir='ltr'>bene</span> <span class='ocrx_word' id='word_1_19' title='bbox 1357 301 1455 343; x_wconf 86' lang='lat' dir='ltr'>sapis,</span> 
     </span>
    </p>
   </div>
   <div class='ocr_carea' id='block_1_3' title="bbox 192 347 1511 1082">
    <p class='ocr_par' dir='ltr' id='par_1_3' title="bbox 255 347 1511 488">
     <span class='ocr_line' id='line_1_4' title="bbox 305 347 1511 393; baseline 0 -12"><span class='ocrx_word' id='word_1_20' title='bbox 305 347 435 382; x_wconf 80' lang='lat' dir='ltr'>Cunctis</span> <span class='ocrx_word' id='word_1_21' title='bbox 459 349 494 383; x_wconf 88' lang='lat' dir='ltr'>in</span> <span class='ocrx_word' id='word_1_22' title='bbox 518 351 580 383; x_wconf 82' lang='lat' dir='ltr'>hoo</span> <span class='ocrx_word' id='word_1_23' title='bbox 604 351 751 393; x_wconf 71' lang='lat' dir='ltr'>articulo,</span> <span class='ocrx_word' id='word_1_24' title='bbox 993 352 1032 385; x_wconf 85' lang='lat' dir='ltr'>In</span> <span class='ocrx_word' id='word_1_25' title='bbox 1055 352 1120 384; x_wconf 86' lang='lat' dir='ltr'>mel</span> <span class='ocrx_word' id='word_1_26' title='bbox 1136 354 1262 383; x_wconf 81' lang='lat' dir='ltr'>mutans</span> <span class='ocrx_word' id='word_1_27' title='bbox 1278 348 1324 382; x_wconf 81' lang='lat' dir='ltr'>fel</span> <span class='ocrx_word' id='word_1_28' title='bbox 1339 349 1511 390; x_wconf 86' lang='lat' dir='ltr'>mentium;</span> 
     </span>
     <span class='ocr_line' id='line_1_5' title="bbox 256 396 1403 442; baseline 0.001 -13"><span class='ocrx_word' id='word_1_29' title='bbox 256 396 340 429; x_wconf 84' lang='lat' dir='ltr'>Nam</span> <span class='ocrx_word' id='word_1_30' title='bbox 366 405 399 430; x_wconf 86' lang='lat' dir='ltr'>es</span> <span class='ocrx_word' id='word_1_31' title='bbox 426 399 494 432; x_wconf 87' lang='lat' dir='ltr'>viro</span> <span class='ocrx_word' id='word_1_32' title='bbox 521 399 725 442; x_wconf 82' lang='lat' dir='ltr'><strong>desponsata,</strong></span> <span class='ocrx_word' id='word_1_33' title='bbox 943 399 1064 433; x_wconf 86' lang='lat' dir='ltr'>Multos</span> <span class='ocrx_word' id='word_1_34' title='bbox 1089 400 1129 432; x_wconf 92' lang='lat' dir='ltr'>ab</span> <span class='ocrx_word' id='word_1_35' title='bbox 1155 397 1279 431; x_wconf 86' lang='lat' dir='ltr'>inferno</span> <span class='ocrx_word' id='word_1_36' title='bbox 1305 398 1403 440; x_wconf 90' lang='lat' dir='ltr'>rapis,</span> 
     </span>
     <span class='ocr_line' id='line_1_6' title="bbox 255 444 1475 488; baseline 0 -11"><span class='ocrx_word' id='word_1_37' title='bbox 255 444 391 478; x_wconf 84' lang='lat' dir='ltr'>Manens</span> <span class='ocrx_word' id='word_1_38' title='bbox 416 448 523 479; x_wconf 85' lang='lat' dir='ltr'>tamen</span> <span class='ocrx_word' id='word_1_39' title='bbox 549 448 639 488; x_wconf 87' lang='lat' dir='ltr'>virgo</span> <span class='ocrx_word' id='word_1_40' title='bbox 664 451 757 488; x_wconf 84' lang='lat' dir='ltr'>grata</span> <span class='ocrx_word' id='word_1_41' title='bbox 945 448 1028 487; x_wconf 76' lang='lat' dir='ltr'>Quos</span> <span class='ocrx_word' id='word_1_42' title='bbox 1053 448 1096 481; x_wconf 87' lang='lat' dir='ltr'>ad</span> <span class='ocrx_word' id='word_1_43' title='bbox 1120 447 1217 480; x_wconf 89' lang='lat' dir='ltr'>fidem</span> <span class='ocrx_word' id='word_1_44' title='bbox 1243 446 1362 480; x_wconf 79' lang='lat' dir='ltr'><strong>Christi</strong></span> <span class='ocrx_word' id='word_1_45' title='bbox 1388 446 1475 486; x_wconf 72' lang='lat' dir='ltr'>capis</span> 
     </span>
    </p>

    <p class='ocr_par' dir='ltr' id='par_1_4' title="bbox 303 494 1415 536">
     <span class='ocr_line' id='line_1_7' title="bbox 303 494 1415 536; baseline 0.002 -10"><span class='ocrx_word' id='word_1_46' title='bbox 303 494 343 526; x_wconf 79' lang='lat' dir='ltr'>In</span> <span class='ocrx_word' id='word_1_47' title='bbox 367 494 463 536; x_wconf 75' lang='lat' dir='ltr'>lecto,</span> <span class='ocrx_word' id='word_1_48' title='bbox 487 495 522 527; x_wconf 86' lang='lat' dir='ltr'>in</span> <span class='ocrx_word' id='word_1_49' title='bbox 549 495 704 529; x_wconf 79' lang='lat' dir='ltr'>eubiculo.</span> <span class='ocrx_word' id='word_1_50' title='bbox 990 495 1037 528; x_wconf 87' lang='lat' dir='ltr'>Es</span> <span class='ocrx_word' id='word_1_51' title='bbox 1061 498 1164 528; x_wconf 86' lang='lat' dir='ltr'>mater</span> <span class='ocrx_word' id='word_1_52' title='bbox 1190 497 1222 528; x_wconf 89' lang='lat' dir='ltr'>et</span> <span class='ocrx_word' id='word_1_53' title='bbox 1246 494 1415 536; x_wconf 82' lang='lat' dir='ltr'>egentium.</span> 
     </span>
    </p>

    <p class='ocr_par' dir='ltr' id='par_1_5' title="bbox 194 550 1475 738">
     <span class='ocr_line' id='line_1_8' title="bbox 194 550 1363 594; baseline 0.002 -12"><span class='ocrx_word' id='word_1_54' title='bbox 194 551 224 582; x_wconf 85' lang='lat'>5.</span> <span class='ocrx_word' id='word_1_55' title='bbox 252 550 314 590; x_wconf 77' lang='lat' dir='ltr'>Qui</span> <span class='ocrx_word' id='word_1_56' title='bbox 337 552 478 585; x_wconf 84' lang='lat' dir='ltr'>attendit</span> <span class='ocrx_word' id='word_1_57' title='bbox 504 552 685 594; x_wconf 77' lang='lat' dir='ltr'>diligenter,</span> <span class='ocrx_word' id='word_1_58' title='bbox 883 554 918 588; x_wconf 89' lang='lat'>8.</span> <span class='ocrx_word' id='word_1_59' title='bbox 944 553 968 586; x_wconf 93' lang='grc' dir='ltr'>Ο</span> <span class='ocrx_word' id='word_1_60' title='bbox 994 554 1151 587; x_wconf 73' lang='lat' dir='ltr'>salvatrix</span> <span class='ocrx_word' id='word_1_61' title='bbox 1175 552 1363 592; x_wconf 83' lang='lat' dir='ltr'>animarum,</span> 
     </span>
     <span class='ocr_line' id='line_1_9' title="bbox 252 599 1461 641; baseline 0 -10"><span class='ocrx_word' id='word_1_62' title='bbox 252 599 444 632; x_wconf 88' lang='lat' dir='ltr'>Admiratur</span> <span class='ocrx_word' id='word_1_63' title='bbox 468 601 674 634; x_wconf 88' lang='lat' dir='ltr'>vehementer</span> <span class='ocrx_word' id='word_1_64' title='bbox 942 600 1051 634; x_wconf 86' lang='lat' dir='ltr'>Fortis</span> <span class='ocrx_word' id='word_1_65' title='bbox 1078 601 1194 634; x_wconf 82' lang='lat' dir='ltr'>victrix</span> <span class='ocrx_word' id='word_1_66' title='bbox 1220 603 1253 632; x_wconf 92' lang='lat' dir='ltr'>et</span> <span class='ocrx_word' id='word_1_67' title='bbox 1276 608 1461 641; x_wconf 84' lang='lat' dir='ltr'>poenarum,</span> 
     </span>
     <span class='ocr_line' id='line_1_10' title="bbox 300 647 1405 691; baseline 0 -11"><span class='ocrx_word' id='word_1_68' title='bbox 300 647 380 681; x_wconf 89' lang='lat' dir='ltr'>Tam</span> <span class='ocrx_word' id='word_1_69' title='bbox 401 657 548 690; x_wconf 87' lang='lat' dir='ltr'>magnam</span> <span class='ocrx_word' id='word_1_70' title='bbox 573 649 607 681; x_wconf 92' lang='lat' dir='ltr'>in</span> <span class='ocrx_word' id='word_1_71' title='bbox 624 652 658 681; x_wconf 91' lang='lat' dir='ltr'>te</span> <span class='ocrx_word' id='word_1_72' title='bbox 674 649 820 690; x_wconf 83' lang='lat' dir='ltr'>gratiam,</span> <span class='ocrx_word' id='word_1_73' title='bbox 987 648 1079 683; x_wconf 85' lang='lat' dir='ltr'>Novo</span> <span class='ocrx_word' id='word_1_74' title='bbox 1104 649 1208 691; x_wconf 84' lang='lat' dir='ltr'>gaude</span> <span class='ocrx_word' id='word_1_75' title='bbox 1232 648 1405 690; x_wconf 84' lang='lat' dir='ltr'>signaculo,</span> 
     </span>
     <span class='ocr_line' id='line_1_11' title="bbox 252 695 1475 738; baseline 0.001 -11"><span class='ocrx_word' id='word_1_76' title='bbox 252 695 344 735; x_wconf 81' lang='lat' dir='ltr'>Quod</span> <span class='ocrx_word' id='word_1_77' title='bbox 358 698 427 728; x_wconf 85' lang='lat' dir='ltr'>tam</span> <span class='ocrx_word' id='word_1_78' title='bbox 444 700 546 737; x_wconf 75' lang='lat' dir='ltr'>caute,</span> <span class='ocrx_word' id='word_1_79' title='bbox 563 700 630 729; x_wconf 84' lang='lat' dir='ltr'>tam</span> <span class='ocrx_word' id='word_1_80' title='bbox 646 699 823 738; x_wconf 74' lang='lat' dir='ltr'>prudenter</span> <span class='ocrx_word' id='word_1_81' title='bbox 938 697 1019 730; x_wconf 83' lang='lat' dir='ltr'>Tam</span> <span class='ocrx_word' id='word_1_82' title='bbox 1044 697 1253 738; x_wconf 79' lang='lat' dir='ltr'>pulchrarum</span> <span class='ocrx_word' id='word_1_83' title='bbox 1277 705 1475 737; x_wconf 77' lang='lat' dir='ltr'>coronarum,</span> 
     </span>
    </p>

    <p class='ocr_par' dir='ltr' id='par_1_6' title="bbox 192 744 1360 940">
     <span class='ocr_line' id='line_1_12' title="bbox 251 744 1290 784; baseline 0 -7"><span class='ocrx_word' id='word_1_84' title='bbox 251 744 419 784; x_wconf 86' lang='lat' dir='ltr'>Superasti</span> <span class='ocrx_word' id='word_1_85' title='bbox 442 745 630 778; x_wconf 86' lang='lat' dir='ltr'>innocenter</span> <span class='ocrx_word' id='word_1_86' title='bbox 939 745 1094 778; x_wconf 87' lang='lat' dir='ltr'>Paradiso</span> <span class='ocrx_word' id='word_1_87' title='bbox 1119 745 1290 779; x_wconf 86' lang='lat' dir='ltr'>allatarum</span> 
     </span>
     <span class='ocr_line' id='line_1_13' title="bbox 299 791 1329 834; baseline 0.001 -10"><span class='ocrx_word' id='word_1_88' title='bbox 299 791 394 825; x_wconf 84' lang='lat' dir='ltr'>Saevi</span> <span class='ocrx_word' id='word_1_89' title='bbox 419 794 529 833; x_wconf 87' lang='lat' dir='ltr'>sponsi</span> <span class='ocrx_word' id='word_1_90' title='bbox 553 793 732 828; x_wconf 80' lang='lat' dir='ltr'>audaciam.</span> <span class='ocrx_word' id='word_1_91' title='bbox 984 793 1140 834; x_wconf 86' lang='lat' dir='ltr'>Angelico</span> <span class='ocrx_word' id='word_1_92' title='bbox 1164 793 1329 826; x_wconf 84' lang='lat' dir='ltr'>miraculo.</span> 
     </span>
     <span class='ocr_line' id='line_1_14' title="bbox 192 848 1304 893; baseline 0 -11"><span class='ocrx_word' id='word_1_93' title='bbox 192 849 225 883; x_wconf 86' lang='lat'>6.</span> <span class='ocrx_word' id='word_1_94' title='bbox 250 848 339 882; x_wconf 89' lang='lat' dir='ltr'>Duos</span> <span class='ocrx_word' id='word_1_95' title='bbox 364 858 499 891; x_wconf 90' lang='lat' dir='ltr'>sponsos</span> <span class='ocrx_word' id='word_1_96' title='bbox 525 850 676 892; x_wconf 79' lang='lat' dir='ltr'>habuisti,</span> <span class='ocrx_word' id='word_1_97' title='bbox 880 851 911 885; x_wconf 90' lang='grc'>9.</span> <span class='ocrx_word' id='word_1_98' title='bbox 938 850 963 883; x_wconf 93' lang='grc' dir='ltr'>Ο</span> <span class='ocrx_word' id='word_1_99' title='bbox 991 850 1093 884; x_wconf 84' lang='lat' dir='ltr'>electa</span> <span class='ocrx_word' id='word_1_100' title='bbox 1116 851 1304 893; x_wconf 77' lang='lat' dir='ltr'>institatrix,</span> 
     </span>
     <span class='ocr_line' id='line_1_15' title="bbox 250 897 1360 940; baseline 0.002 -11"><span class='ocrx_word' id='word_1_101' title='bbox 250 898 392 937; x_wconf 76' lang='lat' dir='ltr'>Quorum</span> <span class='ocrx_word' id='word_1_102' title='bbox 415 899 520 931; x_wconf 87' lang='lat' dir='ltr'>mater</span> <span class='ocrx_word' id='word_1_103' title='bbox 543 901 576 930; x_wconf 88' lang='lat' dir='ltr'>et</span> <span class='ocrx_word' id='word_1_104' title='bbox 599 897 691 931; x_wconf 81' lang='lat' dir='ltr'>fuisti</span> <span class='ocrx_word' id='word_1_105' title='bbox 936 898 987 932; x_wconf 85' lang='lat' dir='ltr'>Sis</span> <span class='ocrx_word' id='word_1_106' title='bbox 1010 898 1117 931; x_wconf 86' lang='lat' dir='ltr'>fidelis</span> <span class='ocrx_word' id='word_1_107' title='bbox 1140 898 1360 940; x_wconf 75' lang='lat' dir='ltr'>praelocutrix</span> 
     </span>
    </p>

    <p class='ocr_par' dir='ltr' id='par_1_7' title="bbox 247 945 1506 1082">
     <span class='ocr_line' id='line_1_16' title="bbox 299 945 1506 987; baseline -0.001 -9"><span class='ocrx_word' id='word_1_108' title='bbox 299 946 476 978; x_wconf 81' lang='lat' dir='ltr'>Terrenum</span> <span class='ocrx_word' id='word_1_109' title='bbox 501 948 597 986; x_wconf 88' lang='lat' dir='ltr'>atque</span> <span class='ocrx_word' id='word_1_110' title='bbox 622 946 792 987; x_wconf 80' lang='lat' dir='ltr'>coelicum3</span> <span class='ocrx_word' id='word_1_111' title='bbox 984 948 1103 981; x_wconf 80' lang='lat' dir='ltr'>Contra</span> <span class='ocrx_word' id='word_1_112' title='bbox 1126 947 1250 979; x_wconf 84' lang='lat' dir='ltr'>hostem</span> <span class='ocrx_word' id='word_1_113' title='bbox 1270 945 1506 987; x_wconf 85' lang='lat' dir='ltr'>nequissimum,</span> 
     </span>
     <span class='ocr_line' id='line_1_17' title="bbox 249 992 1400 1036; baseline 0 -11"><span class='ocrx_word' id='word_1_114' title='bbox 249 992 355 1026; x_wconf 89' lang='lat' dir='ltr'>Unum</span> <span class='ocrx_word' id='word_1_115' title='bbox 379 993 445 1026; x_wconf 90' lang='lat' dir='ltr'>fide</span> <span class='ocrx_word' id='word_1_116' title='bbox 470 994 655 1036; x_wconf 82' lang='lat' dir='ltr'>concepisti,</span> <span class='ocrx_word' id='word_1_117' title='bbox 938 993 987 1027; x_wconf 85' lang='lat' dir='ltr'>Sis</span> <span class='ocrx_word' id='word_1_118' title='bbox 1010 994 1045 1027; x_wconf 87' lang='lat' dir='ltr'>in</span> <span class='ocrx_word' id='word_1_119' title='bbox 1069 997 1172 1027; x_wconf 86' lang='lat' dir='ltr'>morte</span> <span class='ocrx_word' id='word_1_120' title='bbox 1195 1002 1266 1026; x_wconf 88' lang='lat' dir='ltr'>mea</span> <span class='ocrx_word' id='word_1_121' title='bbox 1290 993 1400 1035; x_wconf 88' lang='lat' dir='ltr'>tutrix,</span> 
     </span>
     <span class='ocr_line' id='line_1_18' title="bbox 247 1040 1435 1082; baseline 0.001 -9"><span class='ocrx_word' id='word_1_122' title='bbox 247 1040 344 1074; x_wconf 78' lang='lat' dir='ltr'>Hunc</span> <span class='ocrx_word' id='word_1_123' title='bbox 367 1041 401 1074; x_wconf 89' lang='lat' dir='ltr'>in</span> <span class='ocrx_word' id='word_1_124' title='bbox 426 1042 529 1074; x_wconf 82' lang='lat' dir='ltr'>altero</span> <span class='ocrx_word' id='word_1_125' title='bbox 553 1042 691 1082; x_wconf 84' lang='lat' dir='ltr'>genuisti</span> <span class='ocrx_word' id='word_1_126' title='bbox 935 1042 985 1075; x_wconf 83' lang='lat' dir='ltr'>Tu</span> <span class='ocrx_word' id='word_1_127' title='bbox 1008 1043 1071 1074; x_wconf 92' lang='lat' dir='ltr'>mei</span> <span class='ocrx_word' id='word_1_128' title='bbox 1095 1040 1189 1074; x_wconf 80' lang='lat' dir='ltr'>fortis</span> <span class='ocrx_word' id='word_1_129' title='bbox 1213 1042 1257 1074; x_wconf 91' lang='lat' dir='ltr'>sis</span> <span class='ocrx_word' id='word_1_130' title='bbox 1283 1041 1435 1082; x_wconf 73' lang='lat' dir='ltr'>adiutrix,</span> 
     </span>
    </p>
   </div>
   <div class='ocr_carea' id='block_1_4' title="bbox 296 1089 1506 1130">
    <p class='ocr_par' dir='ltr' id='par_1_8' title="bbox 296 1089 1506 1130">
     <span class='ocr_line' id='line_1_19' title="bbox 296 1089 1506 1130; baseline 0 -8"><span class='ocrx_word' id='word_1_131' title='bbox 296 1090 359 1122; x_wconf 89' lang='lat' dir='ltr'>Per</span> <span class='ocrx_word' id='word_1_132' title='bbox 385 1090 499 1130; x_wconf 83' lang='lat' dir='ltr'>dogma</span> <span class='ocrx_word' id='word_1_133' title='bbox 524 1090 751 1130; x_wconf 81' lang='lat' dir='ltr'>evangelicum.</span> <span class='ocrx_word' id='word_1_134' title='bbox 982 1089 1037 1122; x_wconf 86' lang='lat' dir='ltr'>Ad</span> <span class='ocrx_word' id='word_1_135' title='bbox 1048 1099 1201 1130; x_wconf 85' lang='lat' dir='ltr'>sponsum</span> <span class='ocrx_word' id='word_1_136' title='bbox 1219 1089 1280 1122; x_wconf 82' lang='lat' dir='ltr'>duc</span> <span class='ocrx_word' id='word_1_137' title='bbox 1298 1089 1506 1122; x_wconf 83' lang='lat' dir='ltr'>carissimum.</span> 
     </span>
    </p>
   </div>
   <div class='ocr_carea' id='block_1_5' title="bbox 185 1152 1507 1264">
    <p class='ocr_par' dir='ltr' id='par_1_9' title="bbox 185 1152 1507 1264">
     <span class='ocr_line' id='line_1_20' title="bbox 263 1152 1507 1185; baseline -0.002 -1"><span class='ocrx_word' id='word_1_138' title='bbox 263 1154 343 1184; x_wconf 85' lang='lat' dir='ltr'>Orat.</span> <span class='ocrx_word' id='word_1_139' title='bbox 365 1165 419 1184; x_wconf 87' lang='lat' dir='ltr'>ms.</span> <span class='ocrx_word' id='word_1_140' title='bbox 439 1155 626 1184; x_wconf 81' lang='lat' dir='ltr'>Lehninense</span> <span class='ocrx_word' id='word_1_141' title='bbox 651 1158 722 1184; x_wconf 79' lang='lat' dir='ltr'>armi</span> <span class='ocrx_word' id='word_1_142' title='bbox 750 1152 832 1184; x_wconf 79' lang='lat'>1518.</span> <span class='ocrx_word' id='word_1_143' title='bbox 858 1156 928 1185; x_wconf 87' lang='lat' dir='ltr'>Cod.</span> <span class='ocrx_word' id='word_1_144' title='bbox 953 1155 1120 1184; x_wconf 73' lang='lat' dir='ltr'>Ber-olinen.</span> <span class='ocrx_word' id='word_1_145' title='bbox 1140 1156 1183 1184; x_wconf 85' lang='lat' dir='ltr'>IV</span> <span class='ocrx_word' id='word_1_146' title='bbox 1189 1160 1210 1183; x_wconf 54' lang='grc' dir='ltr'>ὓ.</span> <span class='ocrx_word' id='word_1_147' title='bbox 1235 1153 1281 1184; x_wconf 81' lang='lat'>29.</span> <span class='ocrx_word' id='word_1_148' title='bbox 1301 1156 1336 1184; x_wconf 83' lang='lat' dir='ltr'>A.</span> <span class='ocrx_word' id='word_1_149' title='bbox 1367 1170 1405 1175; x_wconf 88' lang='lat'>——</span> <span class='ocrx_word' id='word_1_150' title='bbox 1425 1155 1507 1183; x_wconf 84' lang='lat' dir='ltr'>Orat.</span> 
     </span>
     <span class='ocr_line' id='line_1_21' title="bbox 185 1192 1506 1231; baseline 0.001 -11"><span class='ocrx_word' id='word_1_151' title='bbox 185 1202 239 1221; x_wconf 84' lang='lat' dir='ltr'>ms.</span> <span class='ocrx_word' id='word_1_152' title='bbox 270 1192 456 1222; x_wconf 67' lang='lat' dir='ltr'>Car-thusian.</span> <span class='ocrx_word' id='word_1_153' title='bbox 483 1203 559 1223; x_wconf 87' lang='lat' dir='ltr'>saec.</span> <span class='ocrx_word' id='word_1_154' title='bbox 589 1192 633 1223; x_wconf 88' lang='grc'>15.</span> <span class='ocrx_word' id='word_1_155' title='bbox 655 1194 724 1222; x_wconf 83' lang='lat' dir='ltr'>Cod.</span> <span class='ocrx_word' id='word_1_156' title='bbox 746 1193 842 1231; x_wconf 79' lang='lat' dir='ltr'>Capit.</span> <span class='ocrx_word' id='word_1_157' title='bbox 862 1194 1014 1222; x_wconf 83' lang='lat' dir='ltr'>Treviren.</span> <span class='ocrx_word' id='word_1_158' title='bbox 1044 1192 1107 1222; x_wconf 86' lang='lat'>116.</span> <span class='ocrx_word' id='word_1_159' title='bbox 1128 1195 1161 1223; x_wconf 84' lang='grc' dir='ltr'>Β.</span> <span class='ocrx_word' id='word_1_160' title='bbox 1184 1211 1219 1215; x_wconf 32' lang='grc' dir='ltr'>-Λ</span> <span class='ocrx_word' id='word_1_161' title='bbox 1240 1195 1320 1223; x_wconf 82' lang='lat' dir='ltr'>Orat.</span> <span class='ocrx_word' id='word_1_162' title='bbox 1343 1194 1506 1231; x_wconf 76' lang='lat' dir='ltr'>Campens.</span> 
     </span>
     <span class='ocr_line' id='line_1_22' title="bbox 186 1230 833 1264; baseline 0 -5"><span class='ocrx_word' id='word_1_163' title='bbox 186 1233 256 1260; x_wconf 79' lang='lat' dir='ltr'>anni</span> <span class='ocrx_word' id='word_1_164' title='bbox 277 1230 361 1261; x_wconf 81' lang='lat'>1462.</span> <span class='ocrx_word' id='word_1_165' title='bbox 382 1232 453 1261; x_wconf 86' lang='lat' dir='ltr'>Cod.</span> <span class='ocrx_word' id='word_1_166' title='bbox 474 1233 692 1262; x_wconf 76' lang='lat' dir='ltr'>Darmstadien.</span> <span class='ocrx_word' id='word_1_167' title='bbox 713 1231 779 1261; x_wconf 76' lang='lat'>521.</span> <span class='ocrx_word' id='word_1_168' title='bbox 800 1232 833 1264; x_wconf 82' lang='lat' dir='ltr'>G.</span> 
     </span>
    </p>
   </div>
   <div class='ocr_carea' id='block_1_6' title="bbox 582 1363 1103 1405">
    <p class='ocr_par' dir='ltr' id='par_1_10' title="bbox 582 1363 1103 1405">
     <span class='ocr_line' id='line_1_23' title="bbox 582 1363 1103 1405; baseline -0.004 -9"><span class='ocrx_word' id='word_1_169' title='bbox 582 1364 644 1396; x_wconf 82' lang='grc'><strong>169.</strong></span> <span class='ocrx_word' id='word_1_170' title='bbox 683 1363 727 1396; x_wconf 75' lang='lat' dir='ltr'>De</span> <span class='ocrx_word' id='word_1_171' title='bbox 747 1364 854 1396; x_wconf 81' lang='lat' dir='ltr'>saneto</span> <span class='ocrx_word' id='word_1_172' title='bbox 872 1363 1103 1405; x_wconf 72' lang='lat' dir='ltr'>christophoro.</span> 
     </span>
    </p>
   </div>
   <div class='ocr_carea' id='block_1_7' title="bbox 181 1451 1502 2466">
    <p class='ocr_par' dir='ltr' id='par_1_11' title="bbox 209 1451 1502 1688">
     <span class='ocr_line' id='line_1_24' title="bbox 213 1451 1372 1497; baseline -0.004 -9"><span class='ocrx_word' id='word_1_173' title='bbox 213 1454 243 1487; x_wconf 90' lang='lat'>1.</span> <span class='ocrx_word' id='word_1_174' title='bbox 268 1454 409 1496; x_wconf 83' lang='lat' dir='ltr'>Egregie</span> <span class='ocrx_word' id='word_1_175' title='bbox 432 1457 556 1496; x_wconf 87' lang='lat' dir='ltr'>martyr</span> <span class='ocrx_word' id='word_1_176' title='bbox 580 1454 719 1497; x_wconf 88' lang='lat' dir='ltr'>Domini,</span> <span class='ocrx_word' id='word_1_177' title='bbox 955 1454 1059 1485; x_wconf 89' lang='lat' dir='ltr'>Tuum</span> <span class='ocrx_word' id='word_1_178' title='bbox 1082 1451 1198 1485; x_wconf 86' lang='lat' dir='ltr'>florere</span> <span class='ocrx_word' id='word_1_179' title='bbox 1221 1451 1372 1484; x_wconf 87' lang='lat' dir='ltr'>baculum</span> 
     </span>
     <span class='ocr_line' id='line_1_25' title="bbox 267 1499 1487 1544; baseline -0.003 -8"><span class='ocrx_word' id='word_1_180' title='bbox 267 1502 319 1536; x_wconf 84' lang='lat' dir='ltr'>Do</span> <span class='ocrx_word' id='word_1_181' title='bbox 343 1503 457 1537; x_wconf 86' lang='lat' dir='ltr'>laudes</span> <span class='ocrx_word' id='word_1_182' title='bbox 480 1505 536 1536; x_wconf 86' lang='lat' dir='ltr'>tuo</span> <span class='ocrx_word' id='word_1_183' title='bbox 559 1503 692 1544; x_wconf 84' lang='lat' dir='ltr'>nomini,</span> <span class='ocrx_word' id='word_1_184' title='bbox 957 1501 1035 1534; x_wconf 84' lang='lat' dir='ltr'>Cum</span> <span class='ocrx_word' id='word_1_185' title='bbox 1059 1499 1217 1533; x_wconf 74' lang='lat' dir='ltr'>fructibus</span> <span class='ocrx_word' id='word_1_186' title='bbox 1240 1502 1318 1532; x_wconf 83' lang='lat' dir='ltr'>tune</span> <span class='ocrx_word' id='word_1_187' title='bbox 1342 1500 1487 1536; x_wconf 83' lang='lat' dir='ltr'>videbas.</span> 
     </span>
     <span class='ocr_line' id='line_1_26' title="bbox 266 1547 1502 1591; baseline -0.002 -8"><span class='ocrx_word' id='word_1_188' title='bbox 266 1551 357 1591; x_wconf 80' lang='lat' dir='ltr'>Quod</span> <span class='ocrx_word' id='word_1_189' title='bbox 383 1551 519 1585; x_wconf 87' lang='lat' dir='ltr'>contulit</span> <span class='ocrx_word' id='word_1_190' title='bbox 542 1551 602 1584; x_wconf 85' lang='lat' dir='ltr'>tibi</span> <span class='ocrx_word' id='word_1_191' title='bbox 626 1551 725 1583; x_wconf 86' lang='lat' dir='ltr'>Deus.</span> <span class='ocrx_word' id='word_1_192' title='bbox 874 1551 928 1583; x_wconf 85' lang='lat'>25.</span> <span class='ocrx_word' id='word_1_193' title='bbox 956 1550 1035 1582; x_wconf 88' lang='lat' dir='ltr'>Post</span> <span class='ocrx_word' id='word_1_194' title='bbox 1067 1549 1146 1581; x_wconf 85' lang='lat' dir='ltr'>haee</span> <span class='ocrx_word' id='word_1_195' title='bbox 1170 1548 1204 1580; x_wconf 92' lang='lat' dir='ltr'>in</span> <span class='ocrx_word' id='word_1_196' title='bbox 1229 1547 1346 1581; x_wconf 86' lang='lat' dir='ltr'>Samon</span> <span class='ocrx_word' id='word_1_197' title='bbox 1372 1549 1502 1581; x_wconf 87' lang='lat' dir='ltr'>veniens</span> 
     </span>
     <span class='ocr_line' id='line_1_27' title="bbox 269 1596 1469 1641; baseline -0.003 -10"><span class='ocrx_word' id='word_1_198' title='bbox 269 1599 319 1632; x_wconf 87' lang='lat' dir='ltr'>Tu</span> <span class='ocrx_word' id='word_1_199' title='bbox 345 1599 511 1633; x_wconf 85' lang='lat' dir='ltr'>vocabaris</span> <span class='ocrx_word' id='word_1_200' title='bbox 537 1599 705 1641; x_wconf 87' lang='lat' dir='ltr'>reprobus,</span> <span class='ocrx_word' id='word_1_201' title='bbox 953 1597 998 1630; x_wconf 84' lang='lat' dir='ltr'>Et</span> <span class='ocrx_word' id='word_1_202' title='bbox 1022 1597 1163 1638; x_wconf 83' lang='lat' dir='ltr'>linguam</span> <span class='ocrx_word' id='word_1_203' title='bbox 1187 1606 1251 1629; x_wconf 90' lang='lat' dir='ltr'>non</span> <span class='ocrx_word' id='word_1_204' title='bbox 1275 1596 1469 1638; x_wconf 86' lang='lat' dir='ltr'>intelligens,</span> 
     </span>
     <span class='ocr_line' id='line_1_28' title="bbox 209 1644 1353 1688; baseline -0.004 -7"><span class='ocrx_word' id='word_1_205' title='bbox 209 1648 240 1681; x_wconf 84' lang='lat'>5.</span> <span class='ocrx_word' id='word_1_206' title='bbox 267 1647 362 1681; x_wconf 80' lang='lat' dir='ltr'>Nunc</span> <span class='ocrx_word' id='word_1_207' title='bbox 387 1649 504 1681; x_wconf 87' lang='lat' dir='ltr'>diceris</span> <span class='ocrx_word' id='word_1_208' title='bbox 531 1647 791 1688; x_wconf 80' lang='lat' dir='ltr'>Christophorus,</span> <span class='ocrx_word' id='word_1_209' title='bbox 955 1646 984 1679; x_wconf 85' lang='lat' dir='ltr'>A</span> <span class='ocrx_word' id='word_1_210' title='bbox 1009 1644 1147 1678; x_wconf 88' lang='lat' dir='ltr'>Domino</span> <span class='ocrx_word' id='word_1_211' title='bbox 1171 1645 1353 1685; x_wconf 81' lang='lat' dir='ltr'>impetrasti</span> 
     </span>
    </p>

    <p class='ocr_par' dir='ltr' id='par_1_12' title="bbox 266 1693 1461 1884">
     <span class='ocr_line' id='line_1_29' title="bbox 267 1693 1367 1739; baseline -0.005 -10"><span class='ocrx_word' id='word_1_212' title='bbox 267 1696 425 1739; x_wconf 85' lang='lat' dir='ltr'>Progenie</span> <span class='ocrx_word' id='word_1_213' title='bbox 451 1696 627 1738; x_wconf 82' lang='lat' dir='ltr'>Cananeus,</span> <span class='ocrx_word' id='word_1_214' title='bbox 954 1693 1097 1735; x_wconf 80' lang='lat' dir='ltr'>Linguae</span> <span class='ocrx_word' id='word_1_215' title='bbox 1121 1693 1367 1733; x_wconf 79' lang='lat' dir='ltr'>intelligentiam</span> 
     </span>
     <span class='ocr_line' id='line_1_30' title="bbox 266 1740 1299 1784; baseline -0.006 -5"><span class='ocrx_word' id='word_1_216' title='bbox 266 1746 430 1779; x_wconf 88' lang='lat' dir='ltr'>Personae</span> <span class='ocrx_word' id='word_1_217' title='bbox 453 1744 677 1778; x_wconf 86' lang='lat' dir='ltr'>fortitudinem</span> <span class='ocrx_word' id='word_1_218' title='bbox 953 1741 999 1775; x_wconf 86' lang='lat' dir='ltr'>Et</span> <span class='ocrx_word' id='word_1_219' title='bbox 1021 1740 1100 1774; x_wconf 88' lang='lat' dir='ltr'>fidei</span> <span class='ocrx_word' id='word_1_220' title='bbox 1124 1741 1299 1784; x_wconf 84' lang='lat' dir='ltr'>scientiam,</span> 
     </span>
     <span class='ocr_line' id='line_1_31' title="bbox 266 1787 1429 1835; baseline -0.004 -9"><span class='ocrx_word' id='word_1_221' title='bbox 266 1792 398 1826; x_wconf 89' lang='lat' dir='ltr'>Habens</span> <span class='ocrx_word' id='word_1_222' title='bbox 425 1798 458 1825; x_wconf 90' lang='lat' dir='ltr'>et</span> <span class='ocrx_word' id='word_1_223' title='bbox 481 1792 714 1835; x_wconf 84' lang='lat' dir='ltr'>longitudinem</span> <span class='ocrx_word' id='word_1_224' title='bbox 873 1790 929 1824; x_wconf 83' lang='lat'>30.</span> <span class='ocrx_word' id='word_1_225' title='bbox 955 1789 1023 1829; x_wconf 78' lang='lat' dir='ltr'>Qua</span> <span class='ocrx_word' id='word_1_226' title='bbox 1046 1790 1202 1830; x_wconf 88' lang='lat' dir='ltr'>plurimos</span> <span class='ocrx_word' id='word_1_227' title='bbox 1229 1787 1429 1824; x_wconf 83' lang='lat' dir='ltr'>confortasti.</span> 
     </span>
     <span class='ocr_line' id='line_1_32' title="bbox 266 1837 1461 1884; baseline -0.005 -9"><span class='ocrx_word' id='word_1_228' title='bbox 266 1841 447 1875; x_wconf 75' lang='lat' dir='ltr'>Duodecim</span> <span class='ocrx_word' id='word_1_229' title='bbox 473 1842 662 1884; x_wconf 78' lang='lat' dir='ltr'>cubitorum,</span> <span class='ocrx_word' id='word_1_230' title='bbox 953 1837 1036 1871; x_wconf 80' lang='lat' dir='ltr'>Fers</span> <span class='ocrx_word' id='word_1_231' title='bbox 1060 1838 1170 1878; x_wconf 87' lang='lat' dir='ltr'>risum,</span> <span class='ocrx_word' id='word_1_232' title='bbox 1194 1838 1307 1879; x_wconf 85' lang='lat' dir='ltr'>plagas</span> <span class='ocrx_word' id='word_1_233' title='bbox 1327 1837 1461 1878; x_wconf 76' lang='lat' dir='ltr'>judicis,</span> 
     </span>
    </p>

    <p class='ocr_par' dir='ltr' id='par_1_13' title="bbox 184 1884 1470 2125">
     <span class='ocr_line' id='line_1_33' title="bbox 184 1884 1384 1931; baseline -0.005 -8"><span class='ocrx_word' id='word_1_234' title='bbox 184 1890 240 1923; x_wconf 89' lang='grc'>10.</span> <span class='ocrx_word' id='word_1_235' title='bbox 266 1889 484 1923; x_wconf 87' lang='lat' dir='ltr'>Desiderabas</span> <span class='ocrx_word' id='word_1_236' title='bbox 510 1898 664 1931; x_wconf 84' lang='lat' dir='ltr'>quaerere</span> <span class='ocrx_word' id='word_1_237' title='bbox 953 1886 1109 1919; x_wconf 89' lang='lat' dir='ltr'>Arentem</span> <span class='ocrx_word' id='word_1_238' title='bbox 1133 1887 1258 1927; x_wconf 84' lang='lat' dir='ltr'>virgam</span> <span class='ocrx_word' id='word_1_239' title='bbox 1282 1884 1384 1918; x_wconf 81' lang='lat' dir='ltr'>efficis</span> 
     </span>
     <span class='ocr_line' id='line_1_34' title="bbox 267 1934 1445 1979; baseline -0.004 -8"><span class='ocrx_word' id='word_1_240' title='bbox 267 1938 312 1971; x_wconf 87' lang='lat' dir='ltr'>Et</span> <span class='ocrx_word' id='word_1_241' title='bbox 335 1947 536 1979; x_wconf 84' lang='lat' dir='ltr'>nequaquam</span> <span class='ocrx_word' id='word_1_242' title='bbox 562 1939 711 1971; x_wconf 88' lang='lat' dir='ltr'>deserere</span> <span class='ocrx_word' id='word_1_243' title='bbox 954 1934 1176 1968; x_wconf 83' lang='lat' dir='ltr'>Frondescere</span> <span class='ocrx_word' id='word_1_244' title='bbox 1202 1943 1310 1967; x_wconf 87' lang='lat' dir='ltr'>coram</span> <span class='ocrx_word' id='word_1_245' title='bbox 1332 1936 1445 1975; x_wconf 84' lang='lat' dir='ltr'>gente3</span> 
     </span>
     <span class='ocr_line' id='line_1_35' title="bbox 266 1982 1419 2020; baseline -0.004 0"><span class='ocrx_word' id='word_1_246' title='bbox 266 1987 473 2020; x_wconf 83' lang='lat' dir='ltr'>Potissimum</span> <span class='ocrx_word' id='word_1_247' title='bbox 499 1987 708 2020; x_wconf 88' lang='lat' dir='ltr'>dominorum.</span> <span class='ocrx_word' id='word_1_248' title='bbox 955 1982 1008 2016; x_wconf 85' lang='lat' dir='ltr'>Sic</span> <span class='ocrx_word' id='word_1_249' title='bbox 1034 1987 1105 2017; x_wconf 84' lang='lat' dir='ltr'>octo</span> <span class='ocrx_word' id='word_1_250' title='bbox 1130 1983 1233 2016; x_wconf 81' lang='lat' dir='ltr'>millia</span> <span class='ocrx_word' id='word_1_251' title='bbox 1256 1983 1419 2016; x_wconf 85' lang='lat' dir='ltr'>hominum</span> 
     </span>
     <span class='ocr_line' id='line_1_36' title="bbox 266 2030 1470 2076; baseline -0.003 -9"><span class='ocrx_word' id='word_1_252' title='bbox 266 2035 374 2067; x_wconf 83' lang='lat' dir='ltr'>Primo</span> <span class='ocrx_word' id='word_1_253' title='bbox 398 2036 540 2076; x_wconf 87' lang='lat' dir='ltr'>potentis</span> <span class='ocrx_word' id='word_1_254' title='bbox 563 2034 702 2067; x_wconf 83' lang='lat' dir='ltr'>hominis</span> <span class='ocrx_word' id='word_1_255' title='bbox 872 2033 928 2066; x_wconf 81' lang='lat'>35.</span> <span class='ocrx_word' id='word_1_256' title='bbox 956 2031 1111 2065; x_wconf 86' lang='lat' dir='ltr'>Conversi</span> <span class='ocrx_word' id='word_1_257' title='bbox 1133 2034 1208 2064; x_wconf 85' lang='lat' dir='ltr'>sunt</span> <span class='ocrx_word' id='word_1_258' title='bbox 1230 2031 1276 2064; x_wconf 84' lang='lat' dir='ltr'>ad</span> <span class='ocrx_word' id='word_1_259' title='bbox 1297 2030 1470 2065; x_wconf 87' lang='lat' dir='ltr'>Dominum</span> 
     </span>
     <span class='ocr_line' id='line_1_37' title="bbox 267 2080 1347 2125; baseline -0.004 -9"><span class='ocrx_word' id='word_1_260' title='bbox 267 2083 386 2117; x_wconf 86' lang='lat' dir='ltr'>Servus</span> <span class='ocrx_word' id='word_1_261' title='bbox 412 2093 494 2125; x_wconf 89' lang='lat' dir='ltr'>eras,</span> <span class='ocrx_word' id='word_1_262' title='bbox 520 2084 597 2116; x_wconf 84' lang='lat' dir='ltr'>hino</span> <span class='ocrx_word' id='word_1_263' title='bbox 622 2082 795 2122; x_wconf 78' lang='lat' dir='ltr'>daemoniS,</span> <span class='ocrx_word' id='word_1_264' title='bbox 954 2080 1113 2113; x_wconf 84' lang='lat' dir='ltr'>Fideliter</span> <span class='ocrx_word' id='word_1_265' title='bbox 1138 2083 1171 2113; x_wconf 90' lang='lat' dir='ltr'>te</span> <span class='ocrx_word' id='word_1_266' title='bbox 1195 2080 1347 2124; x_wconf 78' lang='lat' dir='ltr'>docente3</span> 
     </span>
    </p>

    <p class='ocr_par' dir='ltr' id='par_1_14' title="bbox 184 2128 1460 2368">
     <span class='ocr_line' id='line_1_38' title="bbox 184 2128 1460 2174; baseline -0.003 -9"><span class='ocrx_word' id='word_1_267' title='bbox 184 2132 240 2166; x_wconf 88' lang='lat'>15.</span> <span class='ocrx_word' id='word_1_268' title='bbox 267 2132 332 2165; x_wconf 89' lang='lat' dir='ltr'>Sed</span> <span class='ocrx_word' id='word_1_269' title='bbox 356 2136 470 2174; x_wconf 80' lang='lat' dir='ltr'>postea</span> <span class='ocrx_word' id='word_1_270' title='bbox 494 2131 573 2165; x_wconf 80' lang='lat' dir='ltr'>Jesu</span> <span class='ocrx_word' id='word_1_271' title='bbox 599 2131 728 2172; x_wconf 89' lang='lat' dir='ltr'>Christi,</span> <span class='ocrx_word' id='word_1_272' title='bbox 955 2128 1040 2162; x_wconf 82' lang='lat' dir='ltr'>Hine</span> <span class='ocrx_word' id='word_1_273' title='bbox 1065 2128 1313 2170; x_wconf 86' lang='lat' dir='ltr'>quadringentos</span> <span class='ocrx_word' id='word_1_274' title='bbox 1339 2129 1460 2170; x_wconf 85' lang='lat' dir='ltr'>equites</span> 
     </span>
     <span class='ocr_line' id='line_1_39' title="bbox 267 2176 1326 2222; baseline -0.004 -8"><span class='ocrx_word' id='word_1_275' title='bbox 267 2180 327 2214; x_wconf 88' lang='lat' dir='ltr'>Cui</span> <span class='ocrx_word' id='word_1_276' title='bbox 350 2181 511 2222; x_wconf 80' lang='lat' dir='ltr'>portando</span> <span class='ocrx_word' id='word_1_277' title='bbox 536 2176 689 2221; x_wconf 79' lang='lat' dir='ltr'>populum</span> <span class='ocrx_word' id='word_1_278' title='bbox 955 2176 1052 2219; x_wconf 82' lang='lat' dir='ltr'>Regis</span> <span class='ocrx_word' id='word_1_279' title='bbox 1076 2177 1184 2210; x_wconf 75' lang='lat' dir='ltr'>fecisti</span> <span class='ocrx_word' id='word_1_280' title='bbox 1206 2176 1326 2210; x_wconf 87' lang='lat' dir='ltr'>milites</span> 
     </span>
     <span class='ocr_line' id='line_1_40' title="bbox 266 2225 1437 2270; baseline -0.003 -8"><span class='ocrx_word' id='word_1_281' title='bbox 266 2230 330 2263; x_wconf 86' lang='lat' dir='ltr'>Per</span> <span class='ocrx_word' id='word_1_282' title='bbox 353 2227 492 2262; x_wconf 88' lang='lat' dir='ltr'>fluminis</span> <span class='ocrx_word' id='word_1_283' title='bbox 517 2228 694 2270; x_wconf 83' lang='lat' dir='ltr'>perieulum</span> <span class='ocrx_word' id='word_1_284' title='bbox 952 2225 998 2259; x_wconf 88' lang='lat' dir='ltr'>Et</span> <span class='ocrx_word' id='word_1_285' title='bbox 1021 2229 1179 2267; x_wconf 83' lang='lat' dir='ltr'>martyres</span> <span class='ocrx_word' id='word_1_286' title='bbox 1205 2226 1283 2259; x_wconf 89' lang='lat' dir='ltr'>Jesu</span> <span class='ocrx_word' id='word_1_287' title='bbox 1309 2225 1437 2262; x_wconf 77' lang='lat' dir='ltr'>Christi.</span> 
     </span>
     <span class='ocr_line' id='line_1_41' title="bbox 265 2274 1444 2316; baseline -0.003 -5"><span class='ocrx_word' id='word_1_288' title='bbox 265 2277 426 2311; x_wconf 87' lang='lat' dir='ltr'>Fideliter</span> <span class='ocrx_word' id='word_1_289' title='bbox 449 2277 621 2311; x_wconf 86' lang='lat' dir='ltr'>servivisti.</span> <span class='ocrx_word' id='word_1_290' title='bbox 871 2275 928 2310; x_wconf 81' lang='lat'>40.</span> <span class='ocrx_word' id='word_1_291' title='bbox 956 2274 1015 2314; x_wconf 79' lang='lat' dir='ltr'>Qui</span> <span class='ocrx_word' id='word_1_292' title='bbox 1039 2284 1102 2308; x_wconf 89' lang='lat' dir='ltr'>non</span> <span class='ocrx_word' id='word_1_293' title='bbox 1127 2274 1290 2308; x_wconf 86' lang='lat' dir='ltr'>audebant</span> <span class='ocrx_word' id='word_1_294' title='bbox 1313 2277 1444 2316; x_wconf 86' lang='lat' dir='ltr'>tangere</span> 
     </span>
     <span class='ocr_line' id='line_1_42' title="bbox 266 2323 1445 2368; baseline -0.003 -8"><span class='ocrx_word' id='word_1_295' title='bbox 266 2327 366 2368; x_wconf 79' lang='lat' dir='ltr'>Quem</span> <span class='ocrx_word' id='word_1_296' title='bbox 392 2326 522 2360; x_wconf 83' lang='lat' dir='ltr'>tandem</span> <span class='ocrx_word' id='word_1_297' title='bbox 546 2324 761 2368; x_wconf 86' lang='lat' dir='ltr'>personaliter</span> <span class='ocrx_word' id='word_1_298' title='bbox 955 2323 1002 2356; x_wconf 81' lang='lat' dir='ltr'>Te</span> <span class='ocrx_word' id='word_1_299' title='bbox 1026 2332 1086 2357; x_wconf 84' lang='lat' dir='ltr'>nee</span> <span class='ocrx_word' id='word_1_300' title='bbox 1109 2324 1152 2356; x_wconf 89' lang='lat' dir='ltr'>ad</span> <span class='ocrx_word' id='word_1_301' title='bbox 1176 2331 1283 2365; x_wconf 87' lang='lat' dir='ltr'>regem</span> <span class='ocrx_word' id='word_1_302' title='bbox 1307 2324 1445 2367; x_wconf 87' lang='lat' dir='ltr'>trahere,</span> 
     </span>
    </p>

    <p class='ocr_par' dir='ltr' id='par_1_15' title="bbox 181 2371 1378 2466">
     <span class='ocr_line' id='line_1_43' title="bbox 181 2371 1343 2413; baseline -0.002 -4"><span class='ocrx_word' id='word_1_303' title='bbox 181 2377 239 2410; x_wconf 83' lang='lat'>20.</span> <span class='ocrx_word' id='word_1_304' title='bbox 265 2376 330 2410; x_wconf 89' lang='lat' dir='ltr'>Per</span> <span class='ocrx_word' id='word_1_305' title='bbox 349 2374 482 2409; x_wconf 81' lang='lat' dir='ltr'>fluvium</span> <span class='ocrx_word' id='word_1_306' title='bbox 505 2374 638 2408; x_wconf 82' lang='lat' dir='ltr'>realiter</span> <span class='ocrx_word' id='word_1_307' title='bbox 956 2371 1139 2413; x_wconf 73' lang='lat' dir='ltr'>spontanee</span> <span class='ocrx_word' id='word_1_308' title='bbox 1163 2372 1221 2405; x_wconf 85' lang='lat' dir='ltr'>sed</span> <span class='ocrx_word' id='word_1_309' title='bbox 1244 2372 1343 2407; x_wconf 86' lang='lat' dir='ltr'>ivisti.</span> 
     </span>
     <span class='ocr_line' id='line_1_44' title="bbox 264 2420 1378 2466; baseline -0.004 -7"><span class='ocrx_word' id='word_1_310' title='bbox 264 2426 303 2459; x_wconf 86' lang='lat' dir='ltr'>In</span> <span class='ocrx_word' id='word_1_311' title='bbox 329 2423 470 2458; x_wconf 86' lang='lat' dir='ltr'>humeris</span> <span class='ocrx_word' id='word_1_312' title='bbox 495 2422 724 2463; x_wconf 61' lang='lat' dir='ltr'>transferam,</span> <span class='ocrx_word' id='word_1_313' title='bbox 955 2420 1002 2454; x_wconf 88' lang='lat' dir='ltr'>Te</span> <span class='ocrx_word' id='word_1_314' title='bbox 1026 2420 1094 2455; x_wconf 84' lang='lat' dir='ltr'>viso</span> <span class='ocrx_word' id='word_1_315' title='bbox 1118 2430 1176 2454; x_wconf 83' lang='lat' dir='ltr'>rex</span> <span class='ocrx_word' id='word_1_316' title='bbox 1201 2421 1378 2466; x_wconf 79' lang='lat' dir='ltr'>abhorruit,</span> 
     </span>
    </p>
   </div>
   <div class='ocr_carea' id='block_1_8' title="bbox 264 2470 1443 2515">
    <p class='ocr_par' dir='ltr' id='par_1_16' title="bbox 264 2470 1443 2515">
     <span class='ocr_line' id='line_1_45' title="bbox 264 2470 1443 2515; baseline -0.003 -7"><span class='ocrx_word' id='word_1_317' title='bbox 264 2475 310 2508; x_wconf 84' lang='lat' dir='ltr'>Et</span> <span class='ocrx_word' id='word_1_318' title='bbox 331 2474 367 2508; x_wconf 89' lang='lat' dir='ltr'>in</span> <span class='ocrx_word' id='word_1_319' title='bbox 392 2473 486 2515; x_wconf 84' lang='lat' dir='ltr'>hujus</span> <span class='ocrx_word' id='word_1_320' title='bbox 511 2472 708 2515; x_wconf 81' lang='lat' dir='ltr'>signaculum</span> <span class='ocrx_word' id='word_1_321' title='bbox 955 2470 1010 2504; x_wconf 82' lang='lat' dir='ltr'>Sic</span> <span class='ocrx_word' id='word_1_322' title='bbox 1034 2470 1119 2511; x_wconf 85' lang='lat' dir='ltr'>quod</span> <span class='ocrx_word' id='word_1_323' title='bbox 1147 2471 1187 2504; x_wconf 90' lang='lat' dir='ltr'>de</span> <span class='ocrx_word' id='word_1_324' title='bbox 1211 2471 1289 2504; x_wconf 88' lang='lat' dir='ltr'>sede</span> <span class='ocrx_word' id='word_1_325' title='bbox 1312 2471 1443 2506; x_wconf 82' lang='lat' dir='ltr'>corruit.</span> 
     </span>
    </p>
   </div>
  </div>
 </body>
</html>
