1653 2668
709 149 948 186 —35ffl

553 263 594 296 15.
635 263 776 296 Dominia
796 263 820 297 1.
843 263 1120 304 Quadragesimae.

177 336 210 369 1.
235 334 342 374 Salve,
369 334 434 367 dux
457 335 583 376 jejunii,
866 338 898 371 3.
924 337 951 370 O
978 335 1043 368 dux
1066 335 1292 376 poenitentiae,

281 383 302 416 J
305 392 361 415 esu
387 383 528 425 eremita,
970 385 1059 427 Jesu,
1086 382 1296 424 Christianae,

233 430 349 464 Reddo
373 439 508 471 pensum
530 432 641 473 munii,
922 432 1014 473 Veni,
1041 441 1098 464 rex
1122 431 1318 472 clementiae,

281 478 410 511 Veritas
435 481 469 510 et
492 478 577 519 vita,
969 480 994 513 Ο
1020 480 1230 521 Samaritane,

232 526 374 560 Panibus
399 526 553 568 angelicis
919 529 965 561 Et
989 537 1079 568 quem
1106 527 1157 559 his
1181 526 1299 569 vigiliis

233 574 313 607 Cum
336 574 419 607 favis
443 584 495 607 me
520 575 648 607 coelicis
920 576 958 608 In
983 585 1113 616 precum
1140 575 1280 608 consiliis

280 622 404 656 Pavisti
430 625 605 664 gratanter,
966 624 1051 656 Mihi
1074 624 1263 663 lucubrasti,

233 672 307 705 Jam
332 671 375 704 ad
399 673 539 703 montem
563 670 651 704 Sinai
920 672 990 705 Jam
1018 671 1122 705 fumus
1148 671 1298 704 aromatis

232 719 277 751 Et
300 718 421 759 Horeb,
447 718 585 758 Adonai,
919 721 998 761 Igne
1021 720 1155 752 scandet
1178 719 1357 760 pneumatis

279 767 429 799 Deducas
455 769 608 801 amanter.
965 768 1035 800 Ara
1060 768 1165 800 cordis
1193 767 1281 801 casti.

175 826 205 858 2.
233 823 338 865 Salve,
363 823 452 863 pugil
476 823 598 866 inclite,
860 826 890 857 4.
919 825 944 858 O
969 827 1002 856 te
1026 825 1156 858 laudum
1182 824 1309 858 milibus

279 873 400 912 Perpes
424 871 648 911 triumphator,
964 872 1088 914 Laudo,
1114 873 1221 916 laudo,
1247 873 1354 913 laudo,

230 918 360 951 Perfers
385 917 474 951 ferae
498 919 647 959 perditae
915 921 1028 954 Tantis
1050 920 1251 953 mirabilibus

277 967 366 1007 Tela,
394 968 591 1008 consolat0r3
964 968 1099 1008 Plaude,
1123 969 1254 1010 plaudo,
1280 969 1418 1008 plaudo;

231 1015 256 1047 Ο
280 1013 389 1055 ignitis
411 1012 528 1054 jaculis
917 1015 1028 1049 Gloria
1051 1017 1103 1058 sit,
1129 1017 1242 1057 gloria,

227 1063 304 1094 Tuis
330 1062 430 1095 sacris
452 1062 578 1103 pabulis
913 1062 1045 1095 Amanti
1068 1064 1223 1097 memoria

275 1110 383 1143 Dones
408 1109 572 1151 reluctari,
961 1111 1098 1144 Domino
1123 1112 1157 1143 in
1181 1112 1266 1150 altis,

226 1158 310 1191 Nam
335 1157 398 1190 tuis
424 1157 546 1190 militiis
915 1159 971 1192 Cui
997 1160 1175 1192 ministeria

224 1206 285 1239 His
310 1205 412 1238 fretus
439 1205 560 1238 divitiis
911 1206 1038 1240 Dantur
1064 1209 1097 1239 et
1119 1206 1290 1247 praeconia

273 1254 353 1286 Volo
378 1254 520 1293 gloriari.
961 1254 1096 1287 Coelicis
1121 1264 1141 1287 a
1164 1254 1290 1295 psaltiS.

164 1356 182 1386 3
212 1355 229 1385 5
241 1319 321 1385 (ἔῗὺ.
341 1328 395 1348 ms.
406 1319 626 1356 Epternacense
646 1328 721 1349 saec.
738 1319 782 1348 15.
811 1320 879 1349 Cod.
893 1320 1114 1358 Luciliburgen.
1132 1319 1156 1350 1.
1174 1336 1207 1340 —-
1223 1320 1248 1357 1,
1264 1319 1280 1349 9
1294 1321 1337 1349 Et
1350 1323 1426 1351 orbe.
1443 1336 1482 1340 —

184 1379 190 1393 ,
309 1366 406 1395 quam.

564 1451 605 1483 16.
646 1451 690 1483 De
709 1451 785 1483 Vita
806 1452 839 1483 et
856 1452 1005 1485 Passione
1024 1453 1081 1485 DN.

338 1533 369 1566 1.
394 1532 486 1573 Quod
509 1540 561 1565 res
583 1535 748 1564 enumerat
772 1533 928 1573 condigno
952 1533 1042 1566 nulla
1068 1543 1193 1575 canore,

393 1579 527 1621 Semper
550 1580 585 1612 id
611 1580 779 1613 exstiterat
803 1582 835 1613 et
859 1580 899 1613 ab
924 1581 1065 1622 ingenito
1090 1585 1235 1623 genitore

390 1628 531 1661 Verbum
555 1629 730 1672 prodierat,
759 1628 816 1662 sed
840 1630 985 1669 tempore
1008 1630 1186 1669 posteriore

389 1675 455 1717 Fit,
481 1676 569 1717 quod
592 1686 656 1709 non
681 1675 797 1718 fuerat,
823 1676 972 1719 immunis
996 1686 1122 1719 quoque
1146 1679 1272 1712 decore.

334 1726 366 1758 5.
391 1724 485 1756 Cerni
510 1733 571 1756 non
598 1726 734 1766 poterat,
761 1734 834 1757 nam
861 1725 984 1758 viscera
1010 1729 1096 1759 casto
1121 1728 1246 1760 tumore

389 1772 531 1804 Pneuma
554 1776 668 1812 potens
694 1776 823 1816 onerat,
851 1773 897 1805 sic
921 1774 1057 1807 humano
1082 1775 1151 1807 sine
1174 1785 1273 1816 more,

389 1820 491 1859 Quam
514 1820 564 1852 vir
588 1830 652 1853 non
672 1822 819 1861 temerat,
845 1821 925 1853 haec
944 1822 1014 1854 sola
1036 1824 1159 1863 potitur
1183 1824 1314 1865 honore,

389 1869 437 1902 Ut
462 1878 536 1908 non,
564 1878 646 1909 quae
669 1872 811 1912 generat,
837 1870 983 1909 privetur
1009 1870 1097 1912 virgo
1122 1871 1256 1911 pudore.

388 1916 443 1950 Sic
466 1916 553 1949 Deus
578 1916 766 1958 aequiparat
791 1926 825 1950 se
849 1918 941 1950 nobis
967 1919 1072 1951 carnis
1097 1920 1237 1960 humore,

302 1964 357 1998 10.
384 1964 453 1997 Nec
476 1968 583 1998 tamen
608 1965 682 1998 huic
705 1965 812 1998 inerat
835 1966 939 1998 scelus
964 1970 1020 1999 aut
1047 1967 1137 2000 dolus
1162 1968 1198 2000 in
1221 1978 1287 2010 ore,

386 2012 495 2046 Verba
521 2013 637 2046 docens
661 2013 759 2046 iterat
783 2015 945 2055 signorum
971 2015 1059 2048 clara
1082 2015 1198 2050 nitore.

385 2061 481 2094 Hunc
503 2061 615 2102 poenis
640 2063 764 2095 lacerat
787 2063 913 2097 Judaea
937 2063 1063 2104 repleta
1086 2063 1205 2099 furore.

386 2109 556 2143 Plasmatis
580 2110 661 2143 haec
685 2111 803 2144 tolerat
826 2111 1002 2151 plasmator
1028 2112 1141 2145 ductus
1165 2123 1283 2158 amore,

385 2157 475 2191 Mors
498 2161 632 2191 mortem
658 2162 799 2201 superat,
827 2158 924 2192 effuso
949 2169 1086 2201 namque
1111 2170 1224 2194 cruore

301 2206 355 2240 15.
383 2205 547 2239 Infernum
573 2209 704 2249 reserat,
733 2216 772 2240 ex
798 2209 919 2240 caceris
944 2209 1015 2250 ipse
1039 2211 1151 2242 tenore

383 2255 429 2289 Ut
454 2254 578 2288 vinctos
602 2255 734 2297 referat,
758 2257 843 2290 vitae
869 2257 1025 2290 redeunte
1050 2258 1169 2291 valore.

381 2304 555 2344 Postquam
582 2304 766 2346 dormierat,
793 2316 813 2338 a
836 2306 949 2338 mortis
975 2305 1038 2338 rite
1062 2315 1179 2348 sopore

381 2351 491 2393 Surgit
515 2355 548 2384 et
571 2354 732 2386 accelerat
755 2354 840 2387 victo
866 2363 963 2395 super
988 2357 1076 2388 astra
1100 2355 1221 2391 labore.

227 2417 296 2446 Cod.
309 2419 453 2447 Vimnen.
474 2427 555 2457 perg.
574 2417 621 2449 24.
635 2429 712 2449 saec.
728 2418 774 2450 14.
793 2436 831 2442 -
853 2418 879 2457 1,
902 2419 918 2449 1
939 2420 1087 2459 condigna
1098 2422 1190 2452 nullo.
1208 2439 1240 2444 —
1257 2423 1472 2457 13.P1asmans

147 2456 198 2485 hic
217 2457 325 2486 tolerat
342 2458 398 2489 Hs.

1252 2511 1294 2543 3*
