1655 2669
730 158 990 194 —269—

280 254 398 286 Mundi
422 254 500 286 luxu
527 255 682 287 derelicto
893 258 948 292 35.
977 258 1065 297 Quae
1089 256 1282 297 multiplices
1307 264 1450 288 meorum

282 302 426 335 Mundus
450 301 526 335 fiam
551 313 571 335 a
597 303 724 337 delicto.
976 307 1096 346 Tergat
1119 305 1232 337 sordes
1259 304 1457 337 delictorum.

282 350 354 391 Ego
381 350 466 382 enim
491 353 556 383 tam
582 352 746 384 immensis
974 354 1072 394 Audi,
1106 361 1230 393 precor,
1256 360 1384 392 precem
1409 360 1521 391 meam,

281 398 470 439 Inquinatus
496 408 566 431 sum
591 398 730 441 offensis,
977 402 1037 441 Qui
1062 401 1194 434 salvasti
1220 400 1441 440 Chananeam3

199 448 257 480 25.
283 447 348 479 Tot
373 447 517 479 commisi
542 448 719 488 pravitates
976 449 1159 482 Sauciatum
1182 448 1284 480 redde
1309 457 1430 489 sanum,

285 494 399 527 Carnis
425 504 561 536 sequens
588 496 779 539 voluptates,
893 499 949 531 40.
976 498 1036 538 Qui
1061 496 1193 529 salvasti
1217 496 1442 537 publicanum,

282 543 374 583 Quod
401 543 442 575 de
466 552 565 584 prece
588 545 823 584 praesumendo
978 545 1037 585 Qui
1061 545 1188 577 Mariae
1212 544 1397 585 pepercisti,

285 591 333 623 Te
358 590 497 623 fortasse
521 601 607 624 nunc
632 591 769 625 offendo.
976 592 1143 626 Peccatori
1167 601 1283 633 parcas
1308 591 1377 631 isti3

282 639 337 671 Ad
364 648 458 680 quem
484 648 558 680 ergo
587 648 798 684 recurremus,
979 641 1039 680 Qui
1062 640 1180 673 latroni
1202 640 1268 680 J'am
1293 639 1383 672 fideli

200 687 256 720 30.
285 687 321 720 Si
346 686 500 720 offensum
525 691 558 719 te
582 687 762 720 habemus?
977 688 1161 722 Promisisti
1188 697 1288 729 regna
1312 687 1403 730 caeli,

285 735 347 768 Sed
371 738 416 776 tu,
442 739 547 776 pater,
574 737 609 768 tu
634 739 802 777 memento,
895 739 950 771 45.
977 737 1090 777 Regna
1114 736 1193 768 mihi
1217 736 1315 768 dones
1339 736 1406 777 illa,

285 783 402 823 Quales
428 793 536 815 sumus
562 792 601 816 ex
623 783 785 825 figmento.
979 785 1044 818 Ubi
1071 786 1185 817 cuncta
1209 786 1285 816 sunt
1308 783 1491 824 tranquilla,

283 831 377 863 Hanc
403 832 580 864 secundum
605 833 792 872 qualitatem
973 833 1020 866 Ut
1042 835 1115 872 post
1139 833 1234 865 istam
1260 830 1427 873 fugitivam

283 880 385 912 Tuam
412 879 523 912 confer
547 881 711 921 pietatem,
974 882 1014 914 In
1040 884 1171 913 aeterna
1195 880 1262 913 vita
1286 880 1402 912 vivam.

278 944 348 973 Cod.
374 945 539 974 Londinen.
567 946 639 982 Reg.
667 944 685 973 2
711 946 737 973 Α
764 947 808 974 IX
835 955 911 974 saec.
940 944 1013 974 ¹³)14.
1041 946 1075 974 A.
1131 960 1133 962 ·
1161 945 1231 974 Cod.
1251 945 1429 973 Lambacen.
1457 943 1522 972 452.

200 993 276 1012 saec.
305 982 348 1012 15.
379 985 412 1012 B.
440 999 478 1003 —
509 984 579 1012 Cod.
606 985 784 1013 Lambacen.
808 982 874 1013 463.
902 993 978 1012 saec.
1006 983 1050 1012 15.
1079 984 1110 1012 G.
1135 999 1172 1004 —
1199 984 1272 1011 Glm.
1292 984 1448 1011 Monacen.
1474 981 1523 1015 (ol.

198 1022 351 1059 Tegurin.)
379 1021 414 1050 19
423 1020 478 1051 636
505 1031 582 1050 saec.
611 1021 656 1051 15.
677 1023 713 1051 D.
740 1039 758 1043 ι
797 1021 824 1050 2.
843 1023 886 1051 Et
905 1032 989 1060 quem
1011 1022 1111 1050 nullus
1132 1024 1213 1058 capit
1231 1023 1267 1050 D.
1288 1038 1326 1042 —
1348 1019 1392 1049 12.
1413 1029 1523 1058 poenas

198 1061 280 1088 luam
300 1061 337 1088 D.
366 1076 404 1080 —
432 1058 476 1089 13.
504 1061 546 1088 Et
570 1070 637 1089 cum
663 1061 769 1098 dignus
790 1062 823 1089 B.
852 1077 887 1081 —
914 1059 957 1088 14.
984 1070 1105 1097 possum
1124 1061 1157 1088 B.
1184 1075 1224 1079 —
1246 1058 1290 1088 16.
1311 1062 1408 1088 mttus
1428 1061 1465 1088 D.

201 1097 245 1127 18.
273 1100 397 1127 mundes
423 1100 573 1127 medicina
596 1101 633 1135 B,
665 1099 787 1127 mundet
811 1100 848 1127 D.
873 1115 913 1120 —
937 1097 982 1127 20.
1010 1099 1077 1127 Non
1104 1101 1235 1127 revertar
1259 1100 1295 1134 133
1322 1099 1369 1127 Ne
1394 1100 1525 1126 revertar

198 1139 236 1166 D.
257 1154 296 1158 —
317 1136 353 1166 21
376 1146 420 1174 sq.
441 1138 540 1166 fehlen
560 1138 599 1173 B;
621 1139 694 1166 statt
712 1138 832 1166 dessen:

659 1177 718 1204 Tot
738 1177 872 1204 commisi
891 1176 1054 1213 pravitates

662 1214 767 1243 Carnis
789 1223 914 1251 sequens
936 1215 1113 1251 voluptates.

199 1251 245 1282 23.
268 1254 333 1290 Ego
362 1253 481 1290 quidem
501 1253 540 1288 B;
566 1253 641 1281 Esto
669 1254 787 1289 quidem
807 1254 845 1282 D.
866 1270 867 1273 =
891 1268 902 1273 -
923 1251 960 1281 25
981 1262 1024 1287 sq.
1044 1252 1143 1280 fehlen
1163 1253 1228 1280 hier
1248 1253 1281 1280 Β.
1301 1268 1340 1272 -
1360 1250 1405 1279 27.
1427 1253 1469 1281 Ut
1489 1252 1523 1279 cle

198 1292 232 1320 Β.
262 1308 300 1312 -
327 1290 373 1320 29.
399 1292 447 1319 Ad
474 1301 562 1328 quem
589 1301 703 1328 semper
728 1293 766 1320 D.
795 1309 832 1312 —
858 1290 895 1319 29
920 1292 980 1319 und
1005 1290 1043 1320 30
1067 1291 1238 1328 umgestellt
1264 1292 1295 1318 B.
1391 1288 1438 1319 30.
1466 1290 1524 1318 Sed

200 1328 344 1359 offensum
360 1331 392 1358 B.
414 1345 449 1348 —
471 1328 508 1359 31
530 1332 571 1358 mi
590 1333 674 1367 pater
688 1332 730 1366 B3
751 1339 831 1359 nunc
850 1333 995 1358 memento
1010 1331 1047 1358 D.
1069 1345 1083 1347 -
1126 1328 1172 1358 32.
1194 1331 1286 1357 simus
1301 1330 1333 1357 B.
1353 1344 1392 1348 —
1405 1326 1450 1357 33.
1466 1328 1524 1357 Sed

199 1369 361 1397 secundum
388 1371 468 1396 tuam
498 1369 673 1406 qualitatem
694 1370 727 1397 B.
753 1384 792 1389 —
818 1367 864 1397 34.
887 1369 994 1397 Confer
1019 1369 1093 1396 mihi
1114 1370 1254 1405 pietatem
1275 1369 1308 1396 B.
1332 1382 1369 1387 —
1389 1365 1435 1395 35.
1459 1368 1523 1401 Quo

198 1408 244 1442 D3
266 1408 333 1442 Qua
352 1416 433 1435 meas
456 1408 635 1444 multiplices
649 1408 708 1436 BC.
728 1422 766 1427 —
786 1405 833 1436 36.
846 1408 996 1435 Vitiorum
1016 1410 1113 1443 tergas
1134 1407 1235 1434 sordes
1251 1407 1306 1435 ΒΟ.
1327 1421 1364 1426 —-
1385 1403 1431 1434 37.
1445 1405 1524 1434 Audi

200 1446 317 1474 Christe
347 1447 380 1474 B.
427 1460 447 1464 -
473 1444 520 1474 38.
547 1447 661 1474 sanasti
681 1447 714 1474 B.
743 1461 780 1465 —
804 1444 851 1474 40.
880 1447 993 1474 sanasti
1013 1446 1050 1473 D.
1077 1460 1114 1464 -
1141 1443 1188 1473 42.
1209 1446 1318 1473 Parcas
1346 1445 1466 1472 obsecro
1496 1446 1526 1471 et

198 1485 273 1513 mihi
292 1485 327 1513 B.
347 1501 386 1505 -
405 1482 452 1513 43.
473 1487 535 1512 tam
554 1484 636 1513 fideli
655 1485 718 1513 BD.
739 1500 779 1505 ——
796 1483 843 1513 45.
865 1485 964 1513 confer
987 1484 1048 1512 illa.
1127 1482 1173 1512 47.
1194 1484 1234 1512 Et
1254 1486 1323 1520 post
1340 1484 1427 1511 istam
1447 1484 1484 1511 D.

723 1576 791 1609 235.
831 1577 875 1609 De
894 1576 1002 1608 Morte.

200 1652 231 1685 1.
260 1651 340 1685 Cum
366 1650 426 1682 sim
449 1649 545 1682 modo
570 1649 754 1690 moriturus,
893 1650 925 1682 4.
951 1650 1046 1683 Jacet
1069 1648 1163 1680 homo
1184 1648 1218 1680 in
1246 1648 1411 1689 sepulchro

258 1698 353 1740 Mihi,
379 1697 517 1739 Christe,
544 1706 586 1729 ne
610 1697 654 1729 sis
681 1697 779 1729 durus
949 1697 995 1730 Et
1028 1697 1075 1728 nil
1100 1696 1199 1729 habet
1219 1697 1285 1737 jam
1313 1697 1353 1728 de
1377 1696 1522 1737 pulchro,

306 1746 425 1779 Mortis
451 1746 485 1778 in
510 1746 656 1789 articulo,
998 1745 1148 1779 Privatus
1172 1744 1356 1785 honoribus,

261 1795 318 1827 Me
345 1794 516 1827 conturbat
540 1794 637 1826 timor
661 1793 784 1835 mortis,
950 1795 1066 1827 Putret
1090 1802 1174 1834 caro,
1201 1795 1315 1833 patent
1338 1802 1419 1833 ossa,

258 1843 339 1876 Nam
366 1843 489 1884 ignoro,
516 1852 610 1883 quam
636 1842 679 1874 sit
703 1840 797 1874 fortis
953 1842 1075 1876 Cuncta
1099 1842 1213 1874 videns
1238 1842 1272 1873 in
1297 1841 1359 1874 hac
1384 1840 1471 1874 fossa

306 1892 352 1924 Et
375 1892 490 1932 plenus
515 1891 671 1932 periculo.
998 1890 1137 1931 Repleta
1162 1888 1348 1923 foetoribus.

199 1952 232 1983 2.
260 1949 325 1982 Hic
350 1949 544 1982 exstinctum
571 1958 686 1990 corpus
709 1949 806 1992 jacet,
892 1951 923 1984 5.
949 1947 1071 1981 Foetor
1092 1948 1173 1988 ipse,
1201 1948 1253 1989 qui
1280 1948 1418 1989 exhalat,

258 1998 365 2031 Decor
389 1998 485 2039 perit,
510 1998 620 2039 lingua
644 2000 740 2040 tacet,
950 1997 1026 2038 Quis
1052 1997 1111 2029 sim
1138 2005 1206 2037 ego,
1232 2006 1318 2029 nune
1344 1997 1489 2029 declarat

306 2046 388 2080 Caro
416 2046 511 2079 datur
538 2046 718 2087 vermibus;
998 2045 1127 2078 Patenti
1148 2045 1282 2086 judicio,

257 2096 392 2128 Vermes
414 2094 517 2127 nostri
542 2097 617 2127 sunt
640 2094 808 2135 haeredes,
951 2094 1045 2127 Visus
1070 2097 1154 2137 tune,
1182 2093 1236 2134 qui
1259 2102 1312 2125 me
1338 2093 1436 2135 videt,

258 2144 451 2184 Scorpiones
478 2145 511 2175 et
535 2145 700 2184 serpentes
949 2142 1022 2175 Nisi
1042 2141 1148 2183 fallor,
1174 2142 1309 2174 multum
1331 2142 1433 2183 timet,

306 2192 374 2225 Nos
401 2192 576 2225 corrodunt
602 2191 761 2225 dentibus.
996 2191 1100 2223 Nares
1127 2190 1249 2224 claudit
1268 2190 1375 2231 padio.

199 2253 231 2286 3.
258 2250 346 2284 Hinc
369 2250 511 2292 ignotam
536 2250 699 2291 regionem
890 2251 920 2284 6.
947 2249 1025 2283 Mea
1048 2249 1110 2281 tibi
1132 2249 1298 2289 sepultura

256 2299 358 2333 Vadit
380 2299 474 2331 homo
499 2301 574 2339 post
597 2298 739 2333 laborem
949 2298 1083 2339 Semper
1108 2298 1196 2330 adsit
1218 2307 1278 2338 pro
1306 2298 1468 2339 scriptura

303 2347 489 2381 Praesentis
513 2347 681 2389 miseriae3
995 2347 1041 2380 Et
1065 2347 1214 2379 cla-usura
1233 2347 1363 2387 lapidis,

254 2397 361 2430 Adest
387 2396 521 2429 daemon
547 2399 746 2437 attrectator,
948 2396 993 2438 Si,
1021 2395 1107 2437 quod
1134 2394 1215 2436 dico,
1243 2395 1324 2428 bene
1346 2405 1472 2438 penses,

254 2446 361 2481 Adest
383 2445 440 2478 ille
466 2445 641 2478 seminator
949 2445 1040 2477 Nulli
1067 2444 1145 2483 dies,
1173 2444 1254 2476 nulli
1278 2454 1404 2478 menses

302 2495 416 2529 Totius
436 2494 589 2531 malitiae.
998 2493 1105 2528 Erunt
1129 2493 1198 2527 sine
1222 2494 1375 2530 lacrimis,
