<?xml version="1.0" encoding="UTF-8"?>
<!DOCTYPE html PUBLIC "-//W3C//DTD XHTML 1.0 Transitional//EN"
    "http://www.w3.org/TR/xhtml1/DTD/xhtml1-transitional.dtd">
<html xmlns="http://www.w3.org/1999/xhtml" xml:lang="en" lang="en">
 <head>
  <title>
</title>
<meta http-equiv="Content-Type" content="text/html;charset=utf-8" />
  <meta name='ocr-system' content='tesseract 3.04.00' />
  <meta name='ocr-capabilities' content='ocr_page ocr_carea ocr_par ocr_line ocrx_word'/>
</head>
<body>
  <div class='ocr_page' id='page_1' title='image "./analectahymnica15drevuoft_00141.png"; bbox 0 0 1653 2668; ppageno 0'>
   <div class='ocr_carea' id='block_1_1' title="bbox 718 127 975 166">
    <p class='ocr_par' dir='ltr' id='par_1_1' title="bbox 718 127 975 166">
     <span class='ocr_line' id='line_1_1' title="bbox 718 127 975 166; baseline -0.004 0"><span class='ocrx_word' id='word_1_1' title='bbox 718 127 975 166; x_wconf 72' lang='lat'>-138-</span> 
     </span>
    </p>
   </div>
   <div class='ocr_carea' id='block_1_2' title="bbox 206 222 1351 326">
    <p class='ocr_par' dir='ltr' id='par_1_2' title="bbox 206 222 1351 326">
     <span class='ocr_line' id='line_1_2' title="bbox 654 222 1046 257; baseline -0.003 -1"><span class='ocrx_word' id='word_1_2' title='bbox 654 224 709 257; x_wconf 88' lang='grc'><strong>112.</strong></span> <span class='ocrx_word' id='word_1_3' title='bbox 747 223 794 256; x_wconf 81' lang='lat' dir='ltr'><strong>Ad</strong></span> <span class='ocrx_word' id='word_1_4' title='bbox 811 224 843 256; x_wconf 88' lang='lat' dir='ltr'><strong>B.</strong></span> <span class='ocrx_word' id='word_1_5' title='bbox 860 222 990 256; x_wconf 77' lang='lat' dir='ltr'><strong>Mariam</strong></span> <span class='ocrx_word' id='word_1_6' title='bbox 1009 223 1046 255; x_wconf 89' lang='lat' dir='ltr'><strong>V.</strong></span> 
     </span>
     <span class='ocr_line' id='line_1_3' title="bbox 206 285 1351 326; baseline -0.006 -3"><span class='ocrx_word' id='word_1_7' title='bbox 206 290 236 323; x_wconf 87' lang='lat'><strong>1.</strong></span> <span class='ocrx_word' id='word_1_8' title='bbox 262 289 286 322; x_wconf 95' lang='lat' dir='ltr'>O</span> <span class='ocrx_word' id='word_1_9' title='bbox 313 290 432 321; x_wconf 81' lang='lat' dir='ltr'><strong>cunctis</strong></span> <span class='ocrx_word' id='word_1_10' title='bbox 458 287 611 320; x_wconf 81' lang='lat' dir='ltr'><strong>excelsior</strong></span> <span class='ocrx_word' id='word_1_11' title='bbox 908 288 939 320; x_wconf 85' lang='lat'><strong>6.</strong></span> <span class='ocrx_word' id='word_1_12' title='bbox 965 285 1115 319; x_wconf 79' lang='lat' dir='ltr'><strong>servulos</strong></span> <span class='ocrx_word' id='word_1_13' title='bbox 1140 287 1175 316; x_wconf 79' lang='lat' dir='ltr'><strong>tu</strong></span> <span class='ocrx_word' id='word_1_14' title='bbox 1199 285 1351 326; x_wconf 78' lang='lat' dir='ltr'><strong>protegis,</strong></span> 
     </span>
    </p>
   </div>
   <div class='ocr_carea' id='block_1_3' title="bbox 198 332 1449 2224">
    <p class='ocr_par' dir='ltr' id='par_1_3' title="bbox 198 332 1449 2224">
     <span class='ocr_line' id='line_1_4' title="bbox 311 332 1338 377; baseline -0.005 -8"><span class='ocrx_word' id='word_1_15' title='bbox 311 337 491 377; x_wconf 82' lang='lat' dir='ltr'><strong>angelorum</strong></span> <span class='ocrx_word' id='word_1_16' title='bbox 517 335 632 372; x_wconf 82' lang='lat' dir='ltr'><strong>choris,</strong></span> <span class='ocrx_word' id='word_1_17' title='bbox 1010 334 1118 366; x_wconf 89' lang='lat' dir='ltr'><strong>hostes</strong></span> <span class='ocrx_word' id='word_1_18' title='bbox 1144 333 1187 365; x_wconf 92' lang='lat' dir='ltr'><strong>du</strong></span> <span class='ocrx_word' id='word_1_19' title='bbox 1212 332 1338 374; x_wconf 82' lang='lat' dir='ltr'><strong>fatigas,</strong></span> 
     </span>
     <span class='ocr_line' id='line_1_5' title="bbox 262 379 1386 423; baseline -0.005 -6"><span class='ocrx_word' id='word_1_20' title='bbox 262 385 339 417; x_wconf 84' lang='lat' dir='ltr'>Flos</span> <span class='ocrx_word' id='word_1_21' title='bbox 361 384 488 416; x_wconf 86' lang='lat' dir='ltr'><strong>humani</strong></span> <span class='ocrx_word' id='word_1_22' title='bbox 512 382 645 423; x_wconf 66' lang='lat' dir='ltr'><strong>generis»,</strong></span> <span class='ocrx_word' id='word_1_23' title='bbox 965 383 1014 415; x_wconf 88' lang='lat' dir='ltr'><strong>Tu</strong></span> <span class='ocrx_word' id='word_1_24' title='bbox 1038 383 1220 421; x_wconf 80' lang='lat' dir='ltr'>serpentem</span> <span class='ocrx_word' id='word_1_25' title='bbox 1249 379 1386 413; x_wconf 86' lang='lat' dir='ltr'><strong>conteris</strong></span> 
     </span>
     <span class='ocr_line' id='line_1_6' title="bbox 312 429 1357 471; baseline -0.004 -8"><span class='ocrx_word' id='word_1_26' title='bbox 312 432 413 464; x_wconf 90' lang='lat' dir='ltr'><strong>lilium</strong></span> <span class='ocrx_word' id='word_1_27' title='bbox 437 430 579 471; x_wconf 81' lang='lat' dir='ltr'><strong>pudoriS‚</strong></span> <span class='ocrx_word' id='word_1_28' title='bbox 1013 432 1045 461; x_wconf 86' lang='lat' dir='ltr'><strong>et</strong></span> <span class='ocrx_word' id='word_1_29' title='bbox 1070 429 1241 461; x_wconf 83' lang='lat' dir='ltr'>draconem</span> <span class='ocrx_word' id='word_1_30' title='bbox 1264 429 1357 468; x_wconf 86' lang='lat' dir='ltr'><strong>ligas,</strong></span> 
     </span>
     <span class='ocr_line' id='line_1_7' title="bbox 266 475 1276 520; baseline -0.004 -8"><span class='ocrx_word' id='word_1_31' title='bbox 266 480 352 512; x_wconf 84' lang='lat' dir='ltr'><strong>Rosa</strong></span> <span class='ocrx_word' id='word_1_32' title='bbox 375 478 556 520; x_wconf 83' lang='lat' dir='ltr'><strong>patientiae,</strong></span> <span class='ocrx_word' id='word_1_33' title='bbox 967 476 1144 510; x_wconf 84' lang='lat' dir='ltr'>Pharaonis</span> <span class='ocrx_word' id='word_1_34' title='bbox 1168 475 1276 508; x_wconf 89' lang='lat' dir='ltr'><strong>obruis</strong></span> 
     </span>
     <span class='ocr_line' id='line_1_8' title="bbox 311 524 1374 565; baseline -0.003 -7"><span class='ocrx_word' id='word_1_35' title='bbox 311 529 412 559; x_wconf 85' lang='lat' dir='ltr'><strong>mater</strong></span> <span class='ocrx_word' id='word_1_36' title='bbox 434 525 611 563; x_wconf 78' lang='lat' dir='ltr'><strong>salvatoris,</strong></span> <span class='ocrx_word' id='word_1_37' title='bbox 1016 533 1111 565; x_wconf 89' lang='lat' dir='ltr'><strong>equos</strong></span> <span class='ocrx_word' id='word_1_38' title='bbox 1137 526 1169 555; x_wconf 89' lang='lat' dir='ltr'><strong>et</strong></span> <span class='ocrx_word' id='word_1_39' title='bbox 1193 524 1374 564; x_wconf 63' lang='lat' dir='ltr'><strong>quadrigam,</strong></span> 
     </span>
     <span class='ocr_line' id='line_1_9' title="bbox 261 571 1337 614; baseline -0.003 -8"><span class='ocrx_word' id='word_1_40' title='bbox 261 574 348 607; x_wconf 89' lang='lat' dir='ltr'><strong>Audi</strong></span> <span class='ocrx_word' id='word_1_41' title='bbox 373 582 498 614; x_wconf 81' lang='lat' dir='ltr'>quaeso,</span> <span class='ocrx_word' id='word_1_42' title='bbox 526 572 661 612; x_wconf 88' lang='lat' dir='ltr'><strong>domina,</strong></span> <span class='ocrx_word' id='word_1_43' title='bbox 965 572 1117 605; x_wconf 80' lang='lat' dir='ltr'>Geminae</span> <span class='ocrx_word' id='word_1_44' title='bbox 1141 571 1337 604; x_wconf 85' lang='lat' dir='ltr'><strong>substantiae</strong></span> 
     </span>
     <span class='ocr_line' id='line_1_10' title="bbox 309 619 1351 661; baseline -0.002 -8"><span class='ocrx_word' id='word_1_45' title='bbox 309 629 416 653; x_wconf 79' lang='lat' dir='ltr'><strong>vocem</strong></span> <span class='ocrx_word' id='word_1_46' title='bbox 440 620 628 661; x_wconf 73' lang='lat' dir='ltr'><strong>peccatoris</strong></span> <span class='ocrx_word' id='word_1_47' title='bbox 1012 623 1105 652; x_wconf 89' lang='lat' dir='ltr'><strong>natus</strong></span> <span class='ocrx_word' id='word_1_48' title='bbox 1131 628 1171 651; x_wconf 85' lang='lat' dir='ltr'><strong>ex</strong></span> <span class='ocrx_word' id='word_1_49' title='bbox 1195 622 1227 652; x_wconf 90' lang='lat' dir='ltr'><strong>te</strong></span> <span class='ocrx_word' id='word_1_50' title='bbox 1251 619 1351 660; x_wconf 85' lang='lat' dir='ltr'>gigas.</span> 
     </span>
     <span class='ocr_line' id='line_1_11' title="bbox 204 677 1389 719; baseline -0.004 -6"><span class='ocrx_word' id='word_1_51' title='bbox 204 681 236 713; x_wconf 84' lang='lat'><strong>2.</strong></span> <span class='ocrx_word' id='word_1_52' title='bbox 262 679 348 711; x_wconf 88' lang='lat' dir='ltr'><strong>Deus</strong></span> <span class='ocrx_word' id='word_1_53' title='bbox 372 680 404 710; x_wconf 84' lang='lat' dir='ltr'><strong>te</strong></span> <span class='ocrx_word' id='word_1_54' title='bbox 427 687 507 718; x_wconf 87' lang='lat' dir='ltr'><strong>prae</strong></span> <span class='ocrx_word' id='word_1_55' title='bbox 531 677 675 710; x_wconf 89' lang='lat' dir='ltr'><strong>omnibus</strong></span> <span class='ocrx_word' id='word_1_56' title='bbox 908 679 939 711; x_wconf 86' lang='lat'><strong>7.</strong></span> <span class='ocrx_word' id='word_1_57' title='bbox 965 678 1084 711; x_wconf 82' lang='lat' dir='ltr'><strong>Sancta</strong></span> <span class='ocrx_word' id='word_1_58' title='bbox 1108 677 1197 717; x_wconf 84' lang='lat' dir='ltr'><strong>virgo</strong></span> <span class='ocrx_word' id='word_1_59' title='bbox 1222 677 1389 719; x_wconf 86' lang='lat' dir='ltr'><strong>virginum,</strong></span> 
     </span>
     <span class='ocr_line' id='line_1_12' title="bbox 309 724 1403 765; baseline -0.003 -7"><span class='ocrx_word' id='word_1_60' title='bbox 309 726 475 758; x_wconf 77' lang='lat' dir='ltr'><strong>collocavit</strong></span> <span class='ocrx_word' id='word_1_61' title='bbox 496 734 613 765; x_wconf 84' lang='lat' dir='ltr'>secum,</span> <span class='ocrx_word' id='word_1_62' title='bbox 1012 728 1122 757; x_wconf 87' lang='lat' dir='ltr'><strong>sancta</strong></span> <span class='ocrx_word' id='word_1_63' title='bbox 1146 726 1248 756; x_wconf 87' lang='lat' dir='ltr'><strong>mater</strong></span> <span class='ocrx_word' id='word_1_64' title='bbox 1274 724 1403 764; x_wconf 83' lang='lat' dir='ltr'><strong>Christi,</strong></span> 
     </span>
     <span class='ocr_line' id='line_1_13' title="bbox 264 772 1449 814; baseline -0.003 -7"><span class='ocrx_word' id='word_1_65' title='bbox 264 774 340 807; x_wconf 90' lang='lat' dir='ltr'><strong>Cum</strong></span> <span class='ocrx_word' id='word_1_66' title='bbox 364 775 534 813; x_wconf 89' lang='lat' dir='ltr'><strong>primatum</strong></span> <span class='ocrx_word' id='word_1_67' title='bbox 558 775 677 814; x_wconf 87' lang='lat' dir='ltr'><strong>teneas,</strong></span> <span class='ocrx_word' id='word_1_68' title='bbox 964 774 1028 806; x_wconf 87' lang='lat' dir='ltr'><strong>Per</strong></span> <span class='ocrx_word' id='word_1_69' title='bbox 1052 782 1145 813; x_wconf 90' lang='lat' dir='ltr'><strong>quam</strong></span> <span class='ocrx_word' id='word_1_70' title='bbox 1169 772 1275 804; x_wconf 91' lang='lat' dir='ltr'><strong>lumen</strong></span> <span class='ocrx_word' id='word_1_71' title='bbox 1299 772 1449 804; x_wconf 87' lang='lat' dir='ltr'><strong>luminum</strong></span> 
     </span>
     <span class='ocr_line' id='line_1_14' title="bbox 309 818 1364 861; baseline -0.001 -9"><span class='ocrx_word' id='word_1_72' title='bbox 309 821 394 861; x_wconf 85' lang='lat' dir='ltr'><strong>pium</strong></span> <span class='ocrx_word' id='word_1_73' title='bbox 422 824 469 853; x_wconf 84' lang='lat' dir='ltr'><strong>est</strong></span> <span class='ocrx_word' id='word_1_74' title='bbox 494 824 525 852; x_wconf 79' lang='lat' dir='ltr'><strong>et</strong></span> <span class='ocrx_word' id='word_1_75' title='bbox 550 829 692 861; x_wconf 84' lang='lat' dir='ltr'><strong>aequum,</strong></span> <span class='ocrx_word' id='word_1_76' title='bbox 1009 821 1128 853; x_wconf 86' lang='lat' dir='ltr'>mundo</span> <span class='ocrx_word' id='word_1_77' title='bbox 1153 818 1244 852; x_wconf 74' lang='lat' dir='ltr'><strong>fulsit</strong></span> <span class='ocrx_word' id='word_1_78' title='bbox 1268 820 1364 859; x_wconf 86' lang='lat' dir='ltr'><strong>tristi,</strong></span> 
     </span>
     <span class='ocr_line' id='line_1_15' title="bbox 262 867 1353 909; baseline -0.002 -8"><span class='ocrx_word' id='word_1_79' title='bbox 262 870 308 903; x_wconf 78' lang='lat' dir='ltr'><strong>Ut</strong></span> <span class='ocrx_word' id='word_1_80' title='bbox 330 871 365 900; x_wconf 85' lang='lat' dir='ltr'><strong>tu</strong></span> <span class='ocrx_word' id='word_1_81' title='bbox 389 869 443 909; x_wconf 86' lang='lat' dir='ltr'><strong>pia</strong></span> <span class='ocrx_word' id='word_1_82' title='bbox 466 867 566 900; x_wconf 85' lang='lat' dir='ltr'><strong>facias</strong></span> <span class='ocrx_word' id='word_1_83' title='bbox 962 869 1025 901; x_wconf 89' lang='lat' dir='ltr'><strong>Per</strong></span> <span class='ocrx_word' id='word_1_84' title='bbox 1049 871 1082 900; x_wconf 91' lang='lat' dir='ltr'><strong>te</strong></span> <span class='ocrx_word' id='word_1_85' title='bbox 1105 867 1177 900; x_wconf 83' lang='lat' dir='ltr'><strong>fons</strong></span> <span class='ocrx_word' id='word_1_86' title='bbox 1201 868 1353 907; x_wconf 88' lang='lat' dir='ltr'><strong>laetitiae,</strong></span> 
     </span>
     <span class='ocr_line' id='line_1_16' title="bbox 305 915 1362 959; baseline -0.001 -11"><span class='ocrx_word' id='word_1_87' title='bbox 305 917 455 956; x_wconf 83' lang='lat' dir='ltr'><strong>pietatem</strong></span> <span class='ocrx_word' id='word_1_88' title='bbox 476 925 608 956; x_wconf 86' lang='lat' dir='ltr'>meeum,</span> <span class='ocrx_word' id='word_1_89' title='bbox 1013 925 1105 957; x_wconf 88' lang='lat' dir='ltr'>quem</span> <span class='ocrx_word' id='word_1_90' title='bbox 1128 918 1164 947; x_wconf 89' lang='lat' dir='ltr'><strong>tu</strong></span> <span class='ocrx_word' id='word_1_91' title='bbox 1188 915 1362 959; x_wconf 83' lang='lat' dir='ltr'><strong>protulisti,</strong></span> 
     </span>
     <span class='ocr_line' id='line_1_17' title="bbox 264 963 1396 1005; baseline -0.001 -9"><span class='ocrx_word' id='word_1_92' title='bbox 264 964 313 996; x_wconf 86' lang='lat' dir='ltr'><strong>Tu</strong></span> <span class='ocrx_word' id='word_1_93' title='bbox 337 972 370 995; x_wconf 87' lang='lat' dir='ltr'><strong>es</strong></span> <span class='ocrx_word' id='word_1_94' title='bbox 394 965 490 1004; x_wconf 87' lang='lat' dir='ltr'><strong>plena</strong></span> <span class='ocrx_word' id='word_1_95' title='bbox 512 964 624 1005; x_wconf 86' lang='lat' dir='ltr'><strong>gratia,</strong></span> <span class='ocrx_word' id='word_1_96' title='bbox 965 965 1083 997; x_wconf 86' lang='lat' dir='ltr'><strong>Verum</strong></span> <span class='ocrx_word' id='word_1_97' title='bbox 1109 963 1222 996; x_wconf 85' lang='lat' dir='ltr'><strong>fundat</strong></span> <span class='ocrx_word' id='word_1_98' title='bbox 1246 964 1396 1004; x_wconf 87' lang='lat' dir='ltr'><strong>gaudium</strong></span> 
     </span>
     <span class='ocr_line' id='line_1_18' title="bbox 305 1012 1307 1045; baseline 0.002 -2"><span class='ocrx_word' id='word_1_99' title='bbox 305 1012 460 1044; x_wconf 87' lang='lat' dir='ltr'><strong>Dominus</strong></span> <span class='ocrx_word' id='word_1_100' title='bbox 487 1020 519 1043; x_wconf 89' lang='lat' dir='ltr'><strong>es</strong></span> <span class='ocrx_word' id='word_1_101' title='bbox 546 1014 659 1043; x_wconf 85' lang='lat' dir='ltr'><strong>tecum.</strong></span> <span class='ocrx_word' id='word_1_102' title='bbox 1009 1012 1088 1044; x_wconf 89' lang='lat' dir='ltr'><strong>mihi</strong></span> <span class='ocrx_word' id='word_1_103' title='bbox 1112 1020 1188 1045; x_wconf 87' lang='lat' dir='ltr'><strong>vere</strong></span> <span class='ocrx_word' id='word_1_104' title='bbox 1212 1012 1307 1045; x_wconf 75' lang='lat' dir='ltr'><strong>tristi.</strong></span> 
     </span>
     <span class='ocr_line' id='line_1_19' title="bbox 205 1068 1387 1108; baseline -0.002 -5"><span class='ocrx_word' id='word_1_105' title='bbox 205 1071 236 1103; x_wconf 89' lang='lat'><strong>3.</strong></span> <span class='ocrx_word' id='word_1_106' title='bbox 263 1069 338 1108; x_wconf 89' lang='lat' dir='ltr'><strong>Ipse</strong></span> <span class='ocrx_word' id='word_1_107' title='bbox 362 1072 394 1099; x_wconf 89' lang='lat' dir='ltr'><strong>te</strong></span> <span class='ocrx_word' id='word_1_108' title='bbox 417 1068 579 1101; x_wconf 85' lang='lat' dir='ltr'><strong>constituit</strong></span> <span class='ocrx_word' id='word_1_109' title='bbox 907 1071 938 1103; x_wconf 88' lang='lat'><strong>8.</strong></span> <span class='ocrx_word' id='word_1_110' title='bbox 965 1070 1021 1102; x_wconf 82' lang='lat' dir='ltr'><strong>Me</strong></span> <span class='ocrx_word' id='word_1_111' title='bbox 1046 1069 1214 1101; x_wconf 82' lang='lat' dir='ltr'><strong>contristat</strong></span> <span class='ocrx_word' id='word_1_112' title='bbox 1236 1070 1387 1101; x_wconf 87' lang='lat' dir='ltr'><strong>miserum</strong></span> 
     </span>
     <span class='ocr_line' id='line_1_20' title="bbox 303 1115 1324 1158; baseline 0.002 -11"><span class='ocrx_word' id='word_1_113' title='bbox 303 1116 451 1149; x_wconf 86' lang='lat' dir='ltr'><strong>thronum</strong></span> <span class='ocrx_word' id='word_1_114' title='bbox 475 1116 565 1157; x_wconf 85' lang='lat' dir='ltr'><strong>regni</strong></span> <span class='ocrx_word' id='word_1_115' title='bbox 588 1115 647 1156; x_wconf 88' lang='lat' dir='ltr'><strong>sui,</strong></span> <span class='ocrx_word' id='word_1_116' title='bbox 1009 1117 1116 1158; x_wconf 83' lang='lat' dir='ltr'><strong>gravis</strong></span> <span class='ocrx_word' id='word_1_117' title='bbox 1140 1117 1324 1157; x_wconf 85' lang='lat' dir='ltr'><strong>poenitudo,</strong></span> 
     </span>
     <span class='ocr_line' id='line_1_21' title="bbox 259 1163 1376 1206; baseline 0 -11"><span class='ocrx_word' id='word_1_118' title='bbox 259 1163 328 1195; x_wconf 80' lang='lat' dir='ltr'><strong>Nee</strong></span> <span class='ocrx_word' id='word_1_119' title='bbox 351 1164 385 1194; x_wconf 90' lang='lat' dir='ltr'><strong>in</strong></span> <span class='ocrx_word' id='word_1_120' title='bbox 408 1164 592 1195; x_wconf 76' lang='lat' dir='ltr'><strong>mulieribus</strong></span> <span class='ocrx_word' id='word_1_121' title='bbox 962 1166 1047 1206; x_wconf 80' lang='lat' dir='ltr'><strong>Quae</strong></span> <span class='ocrx_word' id='word_1_122' title='bbox 1070 1164 1226 1197; x_wconf 84' lang='lat' dir='ltr'><strong>medullas</strong></span> <span class='ocrx_word' id='word_1_123' title='bbox 1252 1165 1376 1197; x_wconf 89' lang='lat' dir='ltr'><strong>animae</strong></span> 
     </span>
     <span class='ocr_line' id='line_1_22' title="bbox 309 1210 1300 1256; baseline 0.002 -14"><span class='ocrx_word' id='word_1_124' title='bbox 309 1214 358 1242; x_wconf 86' lang='lat' dir='ltr'><strong>est</strong></span> <span class='ocrx_word' id='word_1_125' title='bbox 380 1210 517 1250; x_wconf 85' lang='lat' dir='ltr'><strong>inventa,</strong></span> <span class='ocrx_word' id='word_1_126' title='bbox 545 1211 594 1243; x_wconf 84' lang='lat' dir='ltr'><strong>cui</strong></span> <span class='ocrx_word' id='word_1_127' title='bbox 1009 1213 1094 1254; x_wconf 81' lang='lat' dir='ltr'><strong>sugit</strong></span> <span class='ocrx_word' id='word_1_128' title='bbox 1116 1215 1152 1244; x_wconf 88' lang='lat' dir='ltr'><strong>ut</strong></span> <span class='ocrx_word' id='word_1_129' title='bbox 1175 1212 1300 1256; x_wconf 86' lang='lat' dir='ltr'><strong>hirudo,</strong></span> 
     </span>
     <span class='ocr_line' id='line_1_23' title="bbox 259 1259 1297 1301; baseline -0.001 -9"><span class='ocrx_word' id='word_1_130' title='bbox 259 1259 362 1292; x_wconf 88' lang='lat' dir='ltr'>Detur</span> <span class='ocrx_word' id='word_1_131' title='bbox 385 1259 552 1299; x_wconf 87' lang='lat' dir='ltr'><strong>privilegio</strong></span> <span class='ocrx_word' id='word_1_132' title='bbox 964 1261 1035 1301; x_wconf 87' lang='lat' dir='ltr'><strong>Ago</strong></span> <span class='ocrx_word' id='word_1_133' title='bbox 1060 1260 1297 1301; x_wconf 84' lang='lat' dir='ltr'><strong>poenitentiam,</strong></span> 
     </span>
     <span class='ocr_line' id='line_1_24' title="bbox 305 1305 1339 1351; baseline 0.002 -13"><span class='ocrx_word' id='word_1_134' title='bbox 305 1308 371 1338; x_wconf 90' lang='lat' dir='ltr'><strong>tam</strong></span> <span class='ocrx_word' id='word_1_135' title='bbox 396 1306 519 1338; x_wconf 77' lang='lat' dir='ltr'><strong>excelso</strong></span> <span class='ocrx_word' id='word_1_136' title='bbox 544 1305 619 1346; x_wconf 86' lang='lat' dir='ltr'><strong>frui,</strong></span> <span class='ocrx_word' id='word_1_137' title='bbox 1008 1308 1066 1340; x_wconf 91' lang='lat' dir='ltr'><strong>sed</strong></span> <span class='ocrx_word' id='word_1_138' title='bbox 1091 1307 1205 1340; x_wconf 83' lang='lat' dir='ltr'><strong>affectu</strong></span> <span class='ocrx_word' id='word_1_139' title='bbox 1230 1308 1339 1351; x_wconf 85' lang='lat' dir='ltr'><strong>crudo,</strong></span> 
     </span>
     <span class='ocr_line' id='line_1_25' title="bbox 261 1353 1349 1396; baseline 0.003 -11"><span class='ocrx_word' id='word_1_140' title='bbox 261 1354 339 1393; x_wconf 75' lang='lat' dir='ltr'><strong>Quia</strong></span> <span class='ocrx_word' id='word_1_141' title='bbox 362 1353 548 1386; x_wconf 84' lang='lat' dir='ltr'><strong>benedictus</strong></span> <span class='ocrx_word' id='word_1_142' title='bbox 574 1356 622 1385; x_wconf 88' lang='lat' dir='ltr'><strong>est</strong></span> <span class='ocrx_word' id='word_1_143' title='bbox 961 1356 1006 1388; x_wconf 87' lang='lat' dir='ltr'><strong>Et</strong></span> <span class='ocrx_word' id='word_1_144' title='bbox 1029 1364 1080 1387; x_wconf 89' lang='lat' dir='ltr'>me</span> <span class='ocrx_word' id='word_1_145' title='bbox 1103 1356 1172 1387; x_wconf 90' lang='lat' dir='ltr'><strong>ludi</strong></span> <span class='ocrx_word' id='word_1_146' title='bbox 1195 1356 1349 1396; x_wconf 84' lang='lat' dir='ltr'><strong>poenitet,</strong></span> 
     </span>
     <span class='ocr_line' id='line_1_26' title="bbox 305 1399 1352 1436; baseline 0.004 -4"><span class='ocrx_word' id='word_1_147' title='bbox 305 1399 426 1434; x_wconf 85' lang='lat' dir='ltr'><strong>fruetus</strong></span> <span class='ocrx_word' id='word_1_148' title='bbox 451 1401 571 1434; x_wconf 87' lang='lat' dir='ltr'><strong>ventris</strong></span> <span class='ocrx_word' id='word_1_149' title='bbox 596 1401 652 1435; x_wconf 84' lang='lat' dir='ltr'><strong>tui.</strong></span> <span class='ocrx_word' id='word_1_150' title='bbox 1006 1406 1112 1435; x_wconf 86' lang='lat' dir='ltr'><strong>tamen</strong></span> <span class='ocrx_word' id='word_1_151' title='bbox 1137 1403 1243 1436; x_wconf 86' lang='lat' dir='ltr'><strong>adhue</strong></span> <span class='ocrx_word' id='word_1_152' title='bbox 1266 1404 1352 1436; x_wconf 87' lang='lat' dir='ltr'><strong>ludo.</strong></span> 
     </span>
     <span class='ocr_line' id='line_1_27' title="bbox 198 1458 1345 1501; baseline 0.003 -11"><span class='ocrx_word' id='word_1_153' title='bbox 198 1459 231 1493; x_wconf 84' lang='lat'><strong>4.</strong></span> <span class='ocrx_word' id='word_1_154' title='bbox 256 1458 362 1490; x_wconf 83' lang='lat' dir='ltr'><strong>Instar</strong></span> <span class='ocrx_word' id='word_1_155' title='bbox 383 1459 466 1491; x_wconf 86' lang='lat' dir='ltr'><strong>enim</strong></span> <span class='ocrx_word' id='word_1_156' title='bbox 490 1459 628 1500; x_wconf 83' lang='lat' dir='ltr'><strong>velleris,</strong></span> <span class='ocrx_word' id='word_1_157' title='bbox 902 1461 932 1493; x_wconf 87' lang='lat'><strong>9.</strong></span> <span class='ocrx_word' id='word_1_158' title='bbox 957 1461 1014 1493; x_wconf 87' lang='lat' dir='ltr'><strong>Me</strong></span> <span class='ocrx_word' id='word_1_159' title='bbox 1037 1463 1073 1492; x_wconf 79' lang='lat' dir='ltr'><strong>ut</strong></span> <span class='ocrx_word' id='word_1_160' title='bbox 1094 1461 1160 1501; x_wconf 86' lang='lat' dir='ltr'><strong>jam</strong></span> <span class='ocrx_word' id='word_1_161' title='bbox 1186 1461 1345 1493; x_wconf 81' lang='lat' dir='ltr'><strong>salubrius</strong></span> 
     </span>
     <span class='ocr_line' id='line_1_28' title="bbox 304 1506 1300 1551; baseline 0.004 -14"><span class='ocrx_word' id='word_1_162' title='bbox 304 1506 387 1546; x_wconf 88' lang='lat' dir='ltr'><strong>quod</strong></span> <span class='ocrx_word' id='word_1_163' title='bbox 413 1506 560 1547; x_wconf 74' lang='lat' dir='ltr'><strong>concepit,</strong></span> <span class='ocrx_word' id='word_1_164' title='bbox 582 1515 697 1549; x_wconf 87' lang='lat' dir='ltr'><strong>rorem,</strong></span> <span class='ocrx_word' id='word_1_165' title='bbox 1004 1509 1169 1549; x_wconf 91' lang='lat' dir='ltr'><strong>poenitere</strong></span> <span class='ocrx_word' id='word_1_166' title='bbox 1190 1510 1300 1551; x_wconf 82' lang='lat' dir='ltr'><strong>seiam,</strong></span> 
     </span>
     <span class='ocr_line' id='line_1_29' title="bbox 257 1553 1278 1596; baseline 0.003 -10"><span class='ocrx_word' id='word_1_167' title='bbox 257 1553 440 1595; x_wconf 87' lang='lat' dir='ltr'><strong>Aridaeque</strong></span> <span class='ocrx_word' id='word_1_168' title='bbox 462 1555 615 1595; x_wconf 85' lang='lat' dir='ltr'><strong>virgulae,</strong></span> <span class='ocrx_word' id='word_1_169' title='bbox 962 1557 1007 1589; x_wconf 82' lang='lat' dir='ltr'><strong>Et</strong></span> <span class='ocrx_word' id='word_1_170' title='bbox 1030 1560 1068 1588; x_wconf 85' lang='lat' dir='ltr'><strong>ut</strong></span> <span class='ocrx_word' id='word_1_171' title='bbox 1091 1557 1144 1589; x_wconf 87' lang='lat' dir='ltr'><strong>via</strong></span> <span class='ocrx_word' id='word_1_172' title='bbox 1167 1560 1278 1596; x_wconf 82' lang='lat' dir='ltr'><strong>pateat</strong></span> 
     </span>
     <span class='ocr_line' id='line_1_30' title="bbox 304 1600 1350 1648; baseline 0.004 -15"><span class='ocrx_word' id='word_1_173' title='bbox 304 1610 385 1642; x_wconf 85' lang='lat' dir='ltr'><strong>quae</strong></span> <span class='ocrx_word' id='word_1_174' title='bbox 405 1602 558 1642; x_wconf 81' lang='lat' dir='ltr'><strong>produxit</strong></span> <span class='ocrx_word' id='word_1_175' title='bbox 580 1600 700 1647; x_wconf 80' lang='lat' dir='ltr'><strong>florem,</strong></span> <span class='ocrx_word' id='word_1_176' title='bbox 1006 1613 1065 1645; x_wconf 90' lang='lat' dir='ltr'><strong>per</strong></span> <span class='ocrx_word' id='word_1_177' title='bbox 1090 1607 1122 1636; x_wconf 84' lang='lat' dir='ltr'><strong>te</strong></span> <span class='ocrx_word' id='word_1_178' title='bbox 1146 1605 1232 1637; x_wconf 87' lang='lat' dir='ltr'><strong>vitae</strong></span> <span class='ocrx_word' id='word_1_179' title='bbox 1256 1606 1350 1648; x_wconf 86' lang='lat' dir='ltr'><strong>viam,</strong></span> 
     </span>
     <span class='ocr_line' id='line_1_31' title="bbox 260 1649 1219 1685; baseline 0.004 -4"><span class='ocrx_word' id='word_1_180' title='bbox 260 1649 393 1681; x_wconf 85' lang='lat' dir='ltr'>Praeter</span> <span class='ocrx_word' id='word_1_181' title='bbox 415 1659 520 1682; x_wconf 87' lang='lat' dir='ltr'><strong>rerum</strong></span> <span class='ocrx_word' id='word_1_182' title='bbox 545 1650 659 1681; x_wconf 82' lang='lat' dir='ltr'><strong>seriem</strong></span> <span class='ocrx_word' id='word_1_183' title='bbox 961 1653 1028 1685; x_wconf 84' lang='lat' dir='ltr'><strong>Reo</strong></span> <span class='ocrx_word' id='word_1_184' title='bbox 1052 1652 1130 1684; x_wconf 89' lang='lat' dir='ltr'><strong>mihi</strong></span> <span class='ocrx_word' id='word_1_185' title='bbox 1153 1651 1219 1685; x_wconf 87' lang='lat' dir='ltr'><strong>filio</strong></span> 
     </span>
     <span class='ocr_line' id='line_1_32' title="bbox 304 1699 1388 1741; baseline 0.003 -12"><span class='ocrx_word' id='word_1_186' title='bbox 304 1699 337 1728; x_wconf 75' lang='lat' dir='ltr'><strong>et</strong></span> <span class='ocrx_word' id='word_1_187' title='bbox 359 1700 492 1730; x_wconf 84' lang='lat' dir='ltr'><strong>naturae</strong></span> <span class='ocrx_word' id='word_1_188' title='bbox 514 1706 633 1729; x_wconf 87' lang='lat' dir='ltr'><strong>morem</strong></span> <span class='ocrx_word' id='word_1_189' title='bbox 1008 1701 1052 1732; x_wconf 90' lang='lat' dir='ltr'><strong>sis</strong></span> <span class='ocrx_word' id='word_1_190' title='bbox 1077 1701 1109 1732; x_wconf 90' lang='lat' dir='ltr'><strong>in</strong></span> <span class='ocrx_word' id='word_1_191' title='bbox 1134 1702 1269 1733; x_wconf 81' lang='lat' dir='ltr'><strong>matrem</strong></span> <span class='ocrx_word' id='word_1_192' title='bbox 1292 1701 1388 1741; x_wconf 88' lang='lat' dir='ltr'><strong>piam,</strong></span> 
     </span>
     <span class='ocr_line' id='line_1_33' title="bbox 257 1744 1301 1790; baseline 0.005 -14"><span class='ocrx_word' id='word_1_193' title='bbox 257 1745 353 1785; x_wconf 86' lang='lat' dir='ltr'><strong>Virgo</strong></span> <span class='ocrx_word' id='word_1_194' title='bbox 377 1744 480 1778; x_wconf 87' lang='lat' dir='ltr'>Deum</span> <span class='ocrx_word' id='word_1_195' title='bbox 504 1754 664 1786; x_wconf 81' lang='lat' dir='ltr'><strong>procreas,</strong></span> <span class='ocrx_word' id='word_1_196' title='bbox 961 1749 998 1781; x_wconf 90' lang='lat' dir='ltr'><strong>In</strong></span> <span class='ocrx_word' id='word_1_197' title='bbox 1025 1749 1151 1780; x_wconf 90' lang='lat' dir='ltr'>domum</span> <span class='ocrx_word' id='word_1_198' title='bbox 1175 1749 1301 1790; x_wconf 84' lang='lat' dir='ltr'><strong>refugii,</strong></span> 
     </span>
     <span class='ocr_line' id='line_1_34' title="bbox 305 1792 1425 1837; baseline 0.005 -13"><span class='ocrx_word' id='word_1_199' title='bbox 305 1792 390 1825; x_wconf 88' lang='lat' dir='ltr'><strong>orbis</strong></span> <span class='ocrx_word' id='word_1_200' title='bbox 417 1793 620 1826; x_wconf 84' lang='lat' dir='ltr'><strong>conditorem.</strong></span> <span class='ocrx_word' id='word_1_201' title='bbox 1006 1805 1066 1837; x_wconf 90' lang='lat' dir='ltr'><strong>per</strong></span> <span class='ocrx_word' id='word_1_202' title='bbox 1091 1805 1185 1836; x_wconf 87' lang='lat' dir='ltr'><strong>quam</strong></span> <span class='ocrx_word' id='word_1_203' title='bbox 1208 1798 1315 1830; x_wconf 86' lang='lat' dir='ltr'><strong>salvus</strong></span> <span class='ocrx_word' id='word_1_204' title='bbox 1340 1796 1425 1830; x_wconf 90' lang='lat' dir='ltr'><strong>fiam.</strong></span> 
     </span>
     <span class='ocr_line' id='line_1_35' title="bbox 203 1850 1335 1894; baseline 0.002 -10"><span class='ocrx_word' id='word_1_205' title='bbox 203 1851 232 1884; x_wconf 86' lang='lat'><strong>5.</strong></span> <span class='ocrx_word' id='word_1_206' title='bbox 257 1850 296 1883; x_wconf 86' lang='lat' dir='ltr'><strong>In</strong></span> <span class='ocrx_word' id='word_1_207' title='bbox 319 1852 352 1881; x_wconf 90' lang='lat' dir='ltr'><strong>te</strong></span> <span class='ocrx_word' id='word_1_208' title='bbox 375 1859 512 1891; x_wconf 85' lang='lat' dir='ltr'>pneuma</span> <span class='ocrx_word' id='word_1_209' title='bbox 535 1850 696 1885; x_wconf 83' lang='lat' dir='ltr'><strong>fabricans</strong></span> <span class='ocrx_word' id='word_1_210' title='bbox 881 1854 936 1889; x_wconf 88' lang='lat'><strong>10.</strong></span> <span class='ocrx_word' id='word_1_211' title='bbox 963 1855 1035 1887; x_wconf 79' lang='lat' dir='ltr'><strong>Non</strong></span> <span class='ocrx_word' id='word_1_212' title='bbox 1061 1863 1120 1894; x_wconf 91' lang='lat' dir='ltr'><strong>per</strong></span> <span class='ocrx_word' id='word_1_213' title='bbox 1145 1854 1335 1887; x_wconf 79' lang='lat' dir='ltr'><strong>sacrificium</strong></span> 
     </span>
     <span class='ocr_line' id='line_1_36' title="bbox 310 1898 1359 1945; baseline 0.006 -15"><span class='ocrx_word' id='word_1_214' title='bbox 310 1898 406 1930; x_wconf 86' lang='lat' dir='ltr'><strong>ollam</strong></span> <span class='ocrx_word' id='word_1_215' title='bbox 430 1901 558 1931; x_wconf 85' lang='lat' dir='ltr'><strong>nostrae</strong></span> <span class='ocrx_word' id='word_1_216' title='bbox 582 1898 661 1940; x_wconf 89' lang='lat' dir='ltr'><strong>spei,</strong></span> <span class='ocrx_word' id='word_1_217' title='bbox 1011 1901 1101 1934; x_wconf 89' lang='lat' dir='ltr'><strong>bovis</strong></span> <span class='ocrx_word' id='word_1_218' title='bbox 1126 1904 1180 1934; x_wconf 84' lang='lat' dir='ltr'><strong>aut</strong></span> <span class='ocrx_word' id='word_1_219' title='bbox 1204 1904 1359 1945; x_wconf 83' lang='lat' dir='ltr'><strong>vervecis,</strong></span> 
     </span>
     <span class='ocr_line' id='line_1_37' title="bbox 258 1945 1312 1990; baseline 0.006 -13"><span class='ocrx_word' id='word_1_220' title='bbox 258 1945 398 1979; x_wconf 78' lang='lat' dir='ltr'><strong>Naturas</strong></span> <span class='ocrx_word' id='word_1_221' title='bbox 424 1946 630 1979; x_wconf 83' lang='lat' dir='ltr'><strong>confoederat</strong></span> <span class='ocrx_word' id='word_1_222' title='bbox 963 1950 1027 1983; x_wconf 89' lang='lat' dir='ltr'>Sed</span> <span class='ocrx_word' id='word_1_223' title='bbox 1051 1959 1110 1990; x_wconf 91' lang='lat' dir='ltr'><strong>per</strong></span> <span class='ocrx_word' id='word_1_224' title='bbox 1136 1948 1312 1984; x_wconf 83' lang='lat' dir='ltr'><strong>efficaciam</strong></span> 
     </span>
     <span class='ocr_line' id='line_1_38' title="bbox 305 1993 1369 2040; baseline 0.007 -15"><span class='ocrx_word' id='word_1_225' title='bbox 305 1993 440 2027; x_wconf 86' lang='lat' dir='ltr'><strong>hominis</strong></span> <span class='ocrx_word' id='word_1_226' title='bbox 462 1997 497 2026; x_wconf 86' lang='lat' dir='ltr'><strong>et</strong></span> <span class='ocrx_word' id='word_1_227' title='bbox 519 1995 591 2036; x_wconf 88' lang='lat' dir='ltr'><strong>Dei,</strong></span> <span class='ocrx_word' id='word_1_228' title='bbox 1009 2001 1085 2030; x_wconf 90' lang='lat' dir='ltr'><strong>tuae</strong></span> <span class='ocrx_word' id='word_1_229' title='bbox 1109 2000 1240 2031; x_wconf 84' lang='lat' dir='ltr'><strong>sanetae</strong></span> <span class='ocrx_word' id='word_1_230' title='bbox 1263 2000 1369 2040; x_wconf 80' lang='lat' dir='ltr'><strong>precis</strong></span> 
     </span>
     <span class='ocr_line' id='line_1_39' title="bbox 255 2041 1290 2088; baseline 0.006 -15"><span class='ocrx_word' id='word_1_231' title='bbox 255 2041 428 2082; x_wconf 84' lang='lat' dir='ltr'><strong>Manetque</strong></span> <span class='ocrx_word' id='word_1_232' title='bbox 453 2043 632 2084; x_wconf 85' lang='lat' dir='ltr'><strong>diversitas,</strong></span> <span class='ocrx_word' id='word_1_233' title='bbox 964 2046 1144 2078; x_wconf 85' lang='lat' dir='ltr'><strong>Tormentis</strong></span> <span class='ocrx_word' id='word_1_234' title='bbox 1171 2046 1290 2088; x_wconf 89' lang='lat' dir='ltr'><strong>eripiar</strong></span> 
     </span>
     <span class='ocr_line' id='line_1_40' title="bbox 306 2089 1347 2139; baseline 0.007 -18"><span class='ocrx_word' id='word_1_235' title='bbox 306 2089 471 2131; x_wconf 85' lang='lat' dir='ltr'><strong>utriusque</strong></span> <span class='ocrx_word' id='word_1_236' title='bbox 494 2090 541 2122; x_wconf 89' lang='lat' dir='ltr'><strong>rei</strong></span> <span class='ocrx_word' id='word_1_237' title='bbox 1012 2094 1225 2134; x_wconf 88' lang='lat' dir='ltr'><strong>sempiternae</strong></span> <span class='ocrx_word' id='word_1_238' title='bbox 1249 2095 1347 2139; x_wconf 82' lang='lat' dir='ltr'><strong>neeis,</strong></span> 
     </span>
     <span class='ocr_line' id='line_1_41' title="bbox 257 2136 1279 2178; baseline 0.007 -10"><span class='ocrx_word' id='word_1_239' title='bbox 257 2136 377 2168; x_wconf 89' lang='lat' dir='ltr'>Tamen</span> <span class='ocrx_word' id='word_1_240' title='bbox 400 2138 613 2178; x_wconf 82' lang='lat' dir='ltr'><strong>personaliter</strong></span> <span class='ocrx_word' id='word_1_241' title='bbox 960 2142 1011 2174; x_wconf 90' lang='lat' dir='ltr'><strong>De</strong></span> <span class='ocrx_word' id='word_1_242' title='bbox 1033 2142 1107 2174; x_wconf 84' lang='lat' dir='ltr'><strong>laeu</strong></span> <span class='ocrx_word' id='word_1_243' title='bbox 1130 2142 1279 2176; x_wconf 83' lang='lat' dir='ltr'><strong>miseriae</strong></span> 
     </span>
     <span class='ocr_line' id='line_1_42' title="bbox 304 2184 1334 2224; baseline 0.007 -8"><span class='ocrx_word' id='word_1_244' title='bbox 304 2184 384 2217; x_wconf 82' lang='lat' dir='ltr'><strong>haec</strong></span> <span class='ocrx_word' id='word_1_245' title='bbox 406 2186 513 2218; x_wconf 85' lang='lat' dir='ltr'><strong>unitur</strong></span> <span class='ocrx_word' id='word_1_246' title='bbox 537 2186 577 2219; x_wconf 81' lang='lat' dir='ltr'><strong>ei,</strong></span> <span class='ocrx_word' id='word_1_247' title='bbox 1012 2192 1045 2221; x_wconf 84' lang='lat' dir='ltr'><strong>et</strong></span> <span class='ocrx_word' id='word_1_248' title='bbox 1069 2190 1110 2222; x_wconf 83' lang='lat' dir='ltr'>de</span> <span class='ocrx_word' id='word_1_249' title='bbox 1132 2190 1199 2222; x_wconf 87' lang='lat' dir='ltr'><strong>luto</strong></span> <span class='ocrx_word' id='word_1_250' title='bbox 1224 2190 1334 2224; x_wconf 83' lang='lat' dir='ltr'><strong>faecis.</strong></span> 
     </span>
    </p>
   </div>
   <div class='ocr_carea' id='block_1_4' title="bbox 197 2238 1510 2513">
    <p class='ocr_par' dir='ltr' id='par_1_4' title="bbox 197 2238 1510 2513">
     <span class='ocr_line' id='line_1_43' title="bbox 276 2238 1505 2279; baseline 0.007 -13"><span class='ocrx_word' id='word_1_251' title='bbox 276 2238 342 2267; x_wconf 82' lang='lat' dir='ltr'><strong>Cod.</strong></span> <span class='ocrx_word' id='word_1_252' title='bbox 365 2241 569 2279; x_wconf 84' lang='lat' dir='ltr'><strong>Cantabrigen.</strong></span> <span class='ocrx_word' id='word_1_253' title='bbox 583 2243 634 2270; x_wconf 91' lang='lat' dir='ltr'><strong>Hh</strong></span> <span class='ocrx_word' id='word_1_254' title='bbox 655 2244 696 2272; x_wconf 86' lang='lat' dir='ltr'><strong>VI</strong></span> <span class='ocrx_word' id='word_1_255' title='bbox 717 2242 760 2272; x_wconf 89' lang='lat'><strong>11.</strong></span> <span class='ocrx_word' id='word_1_256' title='bbox 782 2244 846 2271; x_wconf 83' lang='lat' dir='ltr'>add.</span> <span class='ocrx_word' id='word_1_257' title='bbox 868 2252 943 2272; x_wconf 77' lang='lat' dir='ltr'><strong>saec.</strong></span> <span class='ocrx_word' id='word_1_258' title='bbox 966 2244 1040 2274; x_wconf 51' lang='grc'><strong>13114.</strong></span> <span class='ocrx_word' id='word_1_259' title='bbox 1054 2246 1089 2273; x_wconf 89' lang='lat' dir='ltr'><strong>A.</strong></span> <span class='ocrx_word' id='word_1_260' title='bbox 1106 2261 1146 2266; x_wconf 93' lang='lat'><strong>—</strong></span> <span class='ocrx_word' id='word_1_261' title='bbox 1160 2247 1240 2276; x_wconf 76' lang='lat' dir='ltr'><strong>Orat.</strong></span> <span class='ocrx_word' id='word_1_262' title='bbox 1260 2257 1313 2276; x_wconf 89' lang='lat' dir='ltr'><strong>ms.</strong></span> <span class='ocrx_word' id='word_1_263' title='bbox 1331 2248 1505 2276; x_wconf 83' lang='lat' dir='ltr'><strong>Cistercien.</strong></span> 
     </span>
     <span class='ocr_line' id='line_1_44' title="bbox 199 2276 1507 2321; baseline 0.008 -17"><span class='ocrx_word' id='word_1_264' title='bbox 199 2283 275 2304; x_wconf 85' lang='lat' dir='ltr'><strong>saec.</strong></span> <span class='ocrx_word' id='word_1_265' title='bbox 298 2276 341 2305; x_wconf 85' lang='lat'><strong>15.</strong></span> <span class='ocrx_word' id='word_1_266' title='bbox 357 2279 426 2308; x_wconf 89' lang='lat' dir='ltr'><strong>Cod.</strong></span> <span class='ocrx_word' id='word_1_267' title='bbox 439 2281 656 2309; x_wconf 80' lang='lat' dir='ltr'><strong>Darmstadien.</strong></span> <span class='ocrx_word' id='word_1_268' title='bbox 679 2281 760 2311; x_wconf 83' lang='grc'>1228.</span> <span class='ocrx_word' id='word_1_269' title='bbox 777 2283 810 2310; x_wconf 91' lang='grc' dir='ltr'><strong>Β.</strong></span> <span class='ocrx_word' id='word_1_270' title='bbox 832 2297 870 2302; x_wconf 92' lang='grc'>-</span> <span class='ocrx_word' id='word_1_271' title='bbox 890 2280 917 2316; x_wconf 83' lang='grc'><strong>2,</strong></span> <span class='ocrx_word' id='word_1_272' title='bbox 940 2282 955 2311; x_wconf 93' lang='grc'>1</span> <span class='ocrx_word' id='word_1_273' title='bbox 977 2293 1048 2321; x_wconf 78' lang='lat' dir='ltr'><strong>prae</strong></span> <span class='ocrx_word' id='word_1_274' title='bbox 1072 2286 1209 2313; x_wconf 85' lang='lat' dir='ltr'><strong>omnibus</strong></span> <span class='ocrx_word' id='word_1_275' title='bbox 1229 2289 1260 2314; x_wconf 81' lang='lat' dir='ltr'><strong>te</strong></span> <span class='ocrx_word' id='word_1_276' title='bbox 1271 2287 1305 2314; x_wconf 92' lang='lat' dir='ltr'><strong>B.</strong></span> <span class='ocrx_word' id='word_1_277' title='bbox 1329 2302 1360 2306; x_wconf 89' lang='lat'>—</span> <span class='ocrx_word' id='word_1_278' title='bbox 1384 2284 1410 2320; x_wconf 83' lang='lat'>2,</span> <span class='ocrx_word' id='word_1_279' title='bbox 1432 2284 1449 2314; x_wconf 84' lang='lat'>5</span> <span class='ocrx_word' id='word_1_280' title='bbox 1465 2286 1507 2315; x_wconf 80' lang='lat' dir='ltr'><strong>Ut</strong></span> 
     </span>
     <span class='ocr_line' id='line_1_45' title="bbox 197 2316 1506 2359; baseline 0.009 -17"><span class='ocrx_word' id='word_1_281' title='bbox 197 2317 231 2342; x_wconf 84' lang='lat' dir='ltr'><strong>tu</strong></span> <span class='ocrx_word' id='word_1_282' title='bbox 250 2316 345 2351; x_wconf 85' lang='lat' dir='ltr'><strong>prima</strong></span> <span class='ocrx_word' id='word_1_283' title='bbox 362 2317 453 2346; x_wconf 83' lang='lat' dir='ltr'><strong>facias</strong></span> <span class='ocrx_word' id='word_1_284' title='bbox 467 2319 502 2347; x_wconf 78' lang='lat' dir='ltr'><strong>A.</strong></span> <span class='ocrx_word' id='word_1_285' title='bbox 524 2334 562 2339; x_wconf 90' lang='lat'><strong>—-</strong></span> <span class='ocrx_word' id='word_1_286' title='bbox 583 2317 610 2354; x_wconf 82' lang='grc'><strong>2,</strong></span> <span class='ocrx_word' id='word_1_287' title='bbox 631 2319 648 2347; x_wconf 83' lang='grc'><strong>’7</strong></span> <span class='ocrx_word' id='word_1_288' title='bbox 664 2322 742 2355; x_wconf 81' lang='lat' dir='ltr'><strong>Quia</strong></span> <span class='ocrx_word' id='word_1_289' title='bbox 759 2323 793 2348; x_wconf 87' lang='lat' dir='ltr'><strong>tu</strong></span> <span class='ocrx_word' id='word_1_290' title='bbox 813 2329 844 2348; x_wconf 86' lang='lat' dir='ltr'><strong>es</strong></span> <span class='ocrx_word' id='word_1_291' title='bbox 864 2321 962 2357; x_wconf 81' lang='lat' dir='ltr'><strong>gratia</strong></span> <span class='ocrx_word' id='word_1_292' title='bbox 977 2324 1007 2351; x_wconf 88' lang='lat' dir='ltr'><strong>B.</strong></span> <span class='ocrx_word' id='word_1_293' title='bbox 1032 2338 1068 2343; x_wconf 82' lang='lat'><strong>-—</strong></span> <span class='ocrx_word' id='word_1_294' title='bbox 1084 2322 1110 2359; x_wconf 86' lang='lat'>2,</span> <span class='ocrx_word' id='word_1_295' title='bbox 1132 2321 1150 2351; x_wconf 91' lang='grc'>8</span> <span class='ocrx_word' id='word_1_296' title='bbox 1164 2324 1259 2353; x_wconf 82' lang='lat' dir='ltr'><strong>Plena</strong></span> <span class='ocrx_word' id='word_1_297' title='bbox 1272 2327 1302 2353; x_wconf 81' lang='lat' dir='ltr'><strong>et</strong></span> <span class='ocrx_word' id='word_1_298' title='bbox 1313 2326 1396 2353; x_wconf 90' lang='lat' dir='ltr'><strong>Deus</strong></span> <span class='ocrx_word' id='word_1_299' title='bbox 1412 2328 1506 2353; x_wconf 83' lang='lat' dir='ltr'><strong>tecum</strong></span> 
     </span>
     <span class='ocr_line' id='line_1_46' title="bbox 198 2351 1509 2396; baseline 0.007 -15"><span class='ocrx_word' id='word_1_300' title='bbox 198 2354 232 2381; x_wconf 88' lang='lat' dir='ltr'><strong>B.</strong></span> <span class='ocrx_word' id='word_1_301' title='bbox 253 2367 289 2371; x_wconf 84' lang='lat'>—</span> <span class='ocrx_word' id='word_1_302' title='bbox 310 2351 336 2388; x_wconf 77' lang='lat'>3,</span> <span class='ocrx_word' id='word_1_303' title='bbox 358 2353 375 2381; x_wconf 84' lang='grc'>2</span> <span class='ocrx_word' id='word_1_304' title='bbox 395 2358 441 2384; x_wconf 87' lang='lat' dir='ltr'><strong>sui</strong></span> <span class='ocrx_word' id='word_1_305' title='bbox 461 2359 544 2394; x_wconf 80' lang='lat' dir='ltr'><strong>regni</strong></span> <span class='ocrx_word' id='word_1_306' title='bbox 562 2358 596 2385; x_wconf 93' lang='lat' dir='ltr'><strong>B.</strong></span> <span class='ocrx_word' id='word_1_307' title='bbox 616 2374 655 2378; x_wconf 97' lang='lat'><strong>—</strong></span> <span class='ocrx_word' id='word_1_308' title='bbox 676 2358 703 2393; x_wconf 87' lang='lat'>4,</span> <span class='ocrx_word' id='word_1_309' title='bbox 724 2358 743 2388; x_wconf 87' lang='lat'>8</span> <span class='ocrx_word' id='word_1_310' title='bbox 763 2368 836 2396; x_wconf 88' lang='lat' dir='ltr'><strong>opus</strong></span> <span class='ocrx_word' id='word_1_311' title='bbox 857 2359 1037 2390; x_wconf 77' lang='lat' dir='ltr'><strong>conditorem</strong></span> <span class='ocrx_word' id='word_1_312' title='bbox 1056 2362 1091 2390; x_wconf 93' lang='lat' dir='ltr'><strong>A.</strong></span> <span class='ocrx_word' id='word_1_313' title='bbox 1110 2378 1150 2382; x_wconf 89' lang='lat'>—</span> <span class='ocrx_word' id='word_1_314' title='bbox 1169 2360 1195 2396; x_wconf 86' lang='lat'>5,</span> <span class='ocrx_word' id='word_1_315' title='bbox 1217 2361 1235 2392; x_wconf 87' lang='lat'><strong>3</strong></span> <span class='ocrx_word' id='word_1_316' title='bbox 1254 2364 1399 2392; x_wconf 82' lang='lat' dir='ltr'><strong>Naturam</strong></span> <span class='ocrx_word' id='word_1_317' title='bbox 1418 2365 1450 2392; x_wconf 91' lang='lat' dir='ltr'><strong>B.</strong></span> <span class='ocrx_word' id='word_1_318' title='bbox 1471 2378 1509 2384; x_wconf 78' lang='grc'><strong>-</strong></span> 
     </span>
     <span class='ocr_line' id='line_1_47' title="bbox 199 2389 1508 2437; baseline 0.009 -18"><span class='ocrx_word' id='word_1_319' title='bbox 199 2390 226 2425; x_wconf 82' lang='lat'>7,</span> <span class='ocrx_word' id='word_1_320' title='bbox 249 2389 266 2420; x_wconf 86' lang='lat'><strong>3</strong></span> <span class='ocrx_word' id='word_1_321' title='bbox 292 2392 427 2428; x_wconf 83' lang='lat' dir='ltr'><strong>splendor</strong></span> <span class='ocrx_word' id='word_1_322' title='bbox 445 2395 591 2423; x_wconf 86' lang='lat' dir='ltr'><strong>luminum</strong></span> <span class='ocrx_word' id='word_1_323' title='bbox 610 2397 643 2424; x_wconf 85' lang='grc' dir='ltr'><strong>Β.</strong></span> <span class='ocrx_word' id='word_1_324' title='bbox 663 2412 701 2416; x_wconf 84' lang='grc'>-</span> <span class='ocrx_word' id='word_1_325' title='bbox 728 2397 760 2432; x_wconf 82' lang='grc'><strong>’7,</strong></span> <span class='ocrx_word' id='word_1_326' title='bbox 785 2396 805 2425; x_wconf 85' lang='lat'>4</span> <span class='ocrx_word' id='word_1_327' title='bbox 825 2398 935 2426; x_wconf 77' lang='lat' dir='ltr'><strong>Mundo</strong></span> <span class='ocrx_word' id='word_1_328' title='bbox 956 2400 1030 2428; x_wconf 72' lang='lat' dir='ltr'><strong>fehlt</strong></span> <span class='ocrx_word' id='word_1_329' title='bbox 1047 2401 1087 2436; x_wconf 86' lang='lat' dir='ltr'><strong>B3</strong></span> <span class='ocrx_word' id='word_1_330' title='bbox 1111 2400 1196 2429; x_wconf 78' lang='lat' dir='ltr'><strong>fulsit</strong></span> <span class='ocrx_word' id='word_1_331' title='bbox 1217 2402 1292 2430; x_wconf 83' lang='lat' dir='ltr'><strong>fehlt</strong></span> <span class='ocrx_word' id='word_1_332' title='bbox 1310 2403 1345 2430; x_wconf 90' lang='lat' dir='ltr'><strong>A.</strong></span> <span class='ocrx_word' id='word_1_333' title='bbox 1364 2417 1404 2421; x_wconf 88' lang='lat'>—</span> <span class='ocrx_word' id='word_1_334' title='bbox 1429 2399 1463 2437; x_wconf 87' lang='lat'><strong>8,</strong></span> <span class='ocrx_word' id='word_1_335' title='bbox 1491 2401 1508 2430; x_wconf 88' lang='grc'><strong>6</strong></span> 
     </span>
     <span class='ocr_line' id='line_1_48' title="bbox 201 2431 1510 2476; baseline 0.009 -18"><span class='ocrx_word' id='word_1_336' title='bbox 201 2431 335 2474; x_wconf 77' lang='lat' dir='ltr'><strong>affectum</strong></span> <span class='ocrx_word' id='word_1_337' title='bbox 347 2431 381 2458; x_wconf 88' lang='lat' dir='ltr'><strong>B.</strong></span> <span class='ocrx_word' id='word_1_338' title='bbox 400 2447 438 2453; x_wconf 89' lang='lat'>—</span> <span class='ocrx_word' id='word_1_339' title='bbox 457 2431 484 2469; x_wconf 88' lang='lat'><strong>8,</strong></span> <span class='ocrx_word' id='word_1_340' title='bbox 504 2432 523 2462; x_wconf 88' lang='grc'>8</span> <span class='ocrx_word' id='word_1_341' title='bbox 543 2437 573 2461; x_wconf 83' lang='lat' dir='ltr'><strong>et</strong></span> <span class='ocrx_word' id='word_1_342' title='bbox 591 2437 691 2464; x_wconf 74' lang='lat' dir='ltr'><strong>tamen</strong></span> <span class='ocrx_word' id='word_1_343' title='bbox 703 2437 743 2469; x_wconf 89' lang='grc' dir='ltr'><strong>Α;</strong></span> <span class='ocrx_word' id='word_1_344' title='bbox 765 2436 834 2464; x_wconf 89' lang='lat' dir='ltr'><strong>dum</strong></span> <span class='ocrx_word' id='word_1_345' title='bbox 854 2436 949 2465; x_wconf 83' lang='lat' dir='ltr'><strong>adhue</strong></span> <span class='ocrx_word' id='word_1_346' title='bbox 967 2439 1036 2467; x_wconf 90' lang='lat' dir='ltr'><strong>ludo</strong></span> <span class='ocrx_word' id='word_1_347' title='bbox 1050 2440 1084 2467; x_wconf 91' lang='lat' dir='ltr'><strong>B.</strong></span> <span class='ocrx_word' id='word_1_348' title='bbox 1098 2454 1137 2459; x_wconf 90' lang='grc'><strong>--</strong></span> <span class='ocrx_word' id='word_1_349' title='bbox 1151 2438 1178 2474; x_wconf 85' lang='grc'><strong>9,</strong></span> <span class='ocrx_word' id='word_1_350' title='bbox 1200 2438 1215 2468; x_wconf 90' lang='grc'>1</span> <span class='ocrx_word' id='word_1_351' title='bbox 1231 2440 1290 2469; x_wconf 84' lang='lat' dir='ltr'>Sed</span> <span class='ocrx_word' id='word_1_352' title='bbox 1303 2444 1338 2469; x_wconf 78' lang='lat' dir='ltr'><strong>ut</strong></span> <span class='ocrx_word' id='word_1_353' title='bbox 1345 2441 1408 2476; x_wconf 83' lang='lat' dir='ltr'><strong>jam</strong></span> <span class='ocrx_word' id='word_1_354' title='bbox 1424 2441 1457 2469; x_wconf 91' lang='grc' dir='ltr'><strong>Β.</strong></span> <span class='ocrx_word' id='word_1_355' title='bbox 1471 2455 1510 2460; x_wconf 83' lang='grc'><strong>-</strong></span> 
     </span>
     <span class='ocr_line' id='line_1_49' title="bbox 201 2466 1468 2513; baseline 0.008 -17"><span class='ocrx_word' id='word_1_356' title='bbox 201 2467 226 2505; x_wconf 82' lang='lat'>9,</span> <span class='ocrx_word' id='word_1_357' title='bbox 248 2466 267 2497; x_wconf 86' lang='lat'>3</span> <span class='ocrx_word' id='word_1_358' title='bbox 287 2471 350 2497; x_wconf 68' lang='lat' dir='ltr'><strong>Vita</strong></span> <span class='ocrx_word' id='word_1_359' title='bbox 368 2473 468 2506; x_wconf 75' lang='lat' dir='ltr'><strong>pateat</strong></span> <span class='ocrx_word' id='word_1_360' title='bbox 480 2473 513 2500; x_wconf 86' lang='lat' dir='ltr'><strong>B.</strong></span> <span class='ocrx_word' id='word_1_361' title='bbox 527 2488 566 2492; x_wconf 90' lang='lat'><strong>—</strong></span> <span class='ocrx_word' id='word_1_362' title='bbox 584 2471 609 2507; x_wconf 86' lang='lat'>9,</span> <span class='ocrx_word' id='word_1_363' title='bbox 632 2472 648 2500; x_wconf 87' lang='grc'>7</span> <span class='ocrx_word' id='word_1_364' title='bbox 667 2475 710 2502; x_wconf 81' lang='lat' dir='ltr'><strong>Et</strong></span> <span class='ocrx_word' id='word_1_365' title='bbox 721 2476 753 2502; x_wconf 87' lang='lat' dir='ltr'><strong>in</strong></span> <span class='ocrx_word' id='word_1_366' title='bbox 766 2475 884 2503; x_wconf 82' lang='lat' dir='ltr'>domum</span> <span class='ocrx_word' id='word_1_367' title='bbox 897 2476 931 2502; x_wconf 83' lang='grc' dir='ltr'><strong>Β.</strong></span> <span class='ocrx_word' id='word_1_368' title='bbox 946 2492 984 2496; x_wconf 92' lang='lat'><strong>—-</strong></span> <span class='ocrx_word' id='word_1_369' title='bbox 1008 2476 1049 2513; x_wconf 87' lang='lat'>10,</span> <span class='ocrx_word' id='word_1_370' title='bbox 1071 2477 1090 2506; x_wconf 84' lang='lat'><strong><em>5</em></strong></span> <span class='ocrx_word' id='word_1_371' title='bbox 1107 2478 1154 2506; x_wconf 91' lang='lat' dir='ltr'>De</span> <span class='ocrx_word' id='word_1_372' title='bbox 1169 2480 1321 2508; x_wconf 74' lang='lat' dir='ltr'><strong>tormentis</strong></span> <span class='ocrx_word' id='word_1_373' title='bbox 1336 2488 1422 2509; x_wconf 75' lang='lat' dir='ltr'><strong>eruar</strong></span> <span class='ocrx_word' id='word_1_374' title='bbox 1435 2480 1468 2508; x_wconf 94' lang='lat' dir='ltr'><strong>B.</strong></span> 
     </span>
    </p>
   </div>
  </div>
 </body>
</html>
