1653 2668
692 123 931 158 -95ss

462 221 494 254 6.
520 220 670 260 Surgens,
697 229 772 252 arca
796 220 920 260 pellens
946 219 1110 259 diluvium,

522 268 718 308 Angelorum
743 276 840 308 super
864 267 904 299 fis
928 267 1064 308 agmina,

518 316 597 349 Cum
624 317 788 354 assumpta
811 323 871 355 per
896 318 983 347 tuum
1008 314 1105 347 filium

518 361 754 401 Contemplaris
778 371 879 402 regna
901 361 1031 394 siderea

566 408 723 443 Gloriosa.

514 457 640 488 Novem
668 456 757 489 chori
784 459 902 488 canunt
927 457 1129 489 coelestium:

515 505 623 536 Mater
648 503 720 544 Dei,
748 504 909 535 coelorum
936 503 1074 542 domina,

517 551 572 583 Sic
597 560 723 583 assume
747 553 891 583 nostrum
917 550 1103 590 obsequium

514 597 705 631 Referentes
730 601 865 638 septena
889 598 1007 639 gaudia

564 646 723 679 Gratiosa.

219 711 291 739 Cim.
315 709 470 741 Monacen.
492 713 541 743 (01.
562 712 790 746 Emmeramen.)
813 709 920 744 14343,
942 715 1013 739 anni
1036 709 1117 740 1521.

1197 709 1224 745 4,
1246 710 1264 739 2
1287 720 1384 749 regem
1404 722 1407 738 :
1437 720 1468 739 ,e-

142 750 249 778 culum.
270 765 308 770 ——
328 749 355 785 5,
377 748 394 777 2
415 751 512 779 Verbo
534 752 617 779 venit
635 752 745 780 hostes.
762 767 799 772 —
820 748 847 784 6,
867 749 901 778 10
923 750 1034 779 Glor10=
1043 758 1068 778 a.

607 844 651 875 67.
691 844 736 876 De
757 843 885 876 Gaudiis
906 843 994 876 BMV.

143 915 172 947 1.
206 912 329 953 Gaude,
356 913 446 954 virgo
473 916 576 946 mater
603 914 732 956 Christi,

200 962 287 1001 Quae
313 962 353 994 de
378 965 488 994 sancto
515 962 691 1002 concepisti

251 1009 373 1050 Spiritu
398 1009 542 1051 mirifice,

202 1057 348 1090 Gabrieli
376 1058 558 1099 credidisti,

201 1105 406 1138 Praemunita
428 1115 510 1147 quae
535 1105 625 1139 fuisti

247 1154 398 1187 Caritatis
422 1154 541 1189 indice.

203 1202 308 1235 Verbo
334 1205 445 1235 sancto
470 1212 545 1235 mox
569 1203 695 1242 repleta

199 1251 264 1290 Spe
290 1253 463 1291 conceptus
485 1260 556 1283 eras
581 1251 677 1289 laeta,

252 1299 391 1338 Propter
415 1298 500 1332 hanc
524 1298 692 1339 laetitiam,

201 1345 301 1387 Virgo
327 1347 393 1386 pia,
419 1347 467 1379 sie
490 1346 635 1387 impleta,

203 1394 360 1426 Veniente
385 1394 472 1426 vitae
494 1398 581 1427 meta

249 1442 307 1474 Me
332 1442 432 1474 ducas
458 1442 501 1474 ad
526 1442 671 1482 gloriam.

142 1499 174 1533 2.
203 1498 327 1539 Gaude,
355 1499 431 1540 quia
455 1499 646 1532 salvatorem

205 1547 397 1579 Naturalem
423 1550 536 1579 contra
559 1556 682 1579 morem

249 1595 420 1637 Peperisti,
451 1595 597 1634 domina,

201 1643 290 1676 Tuae
315 1643 421 1676 laudis
447 1642 489 1676 ad
515 1643 667 1675 honorem

200 1691 256 1725 Me
281 1694 453 1732 praesenta
478 1693 681 1731 peccatorem

251 1740 321 1772 Tua
348 1749 418 1772 cum
445 1739 579 1772 familia.

202 1788 251 1821 Tu
279 1789 319 1821 de
344 1791 442 1828 partu
467 1789 554 1820 laeta
579 1787 637 1819 tali

202 1836 286 1870 Mihi
311 1837 383 1868 luce
408 1836 452 1868 sis
476 1834 565 1869 finali

251 1884 345 1917 Salus
372 1887 405 1917 et
428 1885 589 1923 solatium,

204 1932 255 1966 Ne
278 1933 338 1966 sim
362 1932 510 1966 flammae
535 1931 706 1973 gehennali

201 1982 266 2015 Pro
292 1984 385 2014 reatu
410 1980 569 2013 criminali

248 2030 353 2063 Datus
378 2029 420 2063 ad
447 2028 650 2069 supplicium.

142 2089 174 2122 3.
202 2087 326 2129 Gaude,
353 2090 523 2128 postquam
552 2090 585 2118 te
608 2085 754 2118 turbavit

199 2136 245 2170 Et
271 2136 413 2169 dolorem
439 2134 631 2176 provocavit

249 2185 393 2225 Sequens
418 2183 487 2216 nati
511 2182 631 2223 passio,

199 2234 247 2266 Te
272 2234 391 2266 laetam
416 2234 491 2272 post
516 2229 720 2271 restauravit,

201 2281 386 2315 Laetiorem
412 2278 603 2312 reformavit

249 2329 371 2363 Christi
397 2327 601 2360 resurrectio.

895 914 994 956 Virgo
1019 914 1117 954 plena
1141 914 1273 955 pietate,

893 961 1094 1004 Refulgentis
1120 961 1263 995 novitate

940 1011 1044 1043 Laeta
1067 1019 1119 1042 me
1143 1010 1292 1049 laetifica,

893 1058 962 1091 Nec
987 1067 1175 1100 oppressum
1200 1062 1359 1099 grav1tate

895 1106 944 1139 Ne
970 1107 1084 1147 repelli
1109 1107 1195 1139 sinas
1220 1117 1239 1139 a
1263 1110 1294 1139 te

941 1155 1030 1187 Loca
1054 1156 1097 1188 ad
1122 1153 1268 1187 lucifera.

859 1238 865 1244 .
896 1212 1019 1252 Gaude,
1047 1213 1146 1254 virgo,
1176 1213 1249 1245 dum
1276 1212 1463 1256 scandebat,

894 1261 995 1300 Quem
1019 1260 1227 1293 scandentem
1252 1260 1453 1293 subvehebat

941 1309 1052 1341 Nubes
1078 1317 1175 1348 super
1200 1308 1318 1348 sidera,

894 1358 994 1389 Astra
1018 1359 1131 1389 tenens
1157 1356 1297 1397 eligebat

895 1405 1011 1437 Sedem
1040 1405 1178 1446 dignam,
1207 1414 1268 1444 qua
1293 1403 1428 1436 sedebat

942 1452 1005 1484 Dei
1029 1452 1133 1492 patris
1156 1453 1298 1484 dextera.

895 1500 1035 1539 Propter
1057 1500 1125 1539 ejus
1152 1500 1315 1531 elevamen

895 1549 1003 1587 Atque
1028 1549 1114 1579 tuum
1141 1547 1344 1579 consolamen

943 1596 1013 1627 Tua
1037 1598 1112 1635 post
1133 1595 1319 1635 gravamina

897 1643 932 1675 In
960 1642 1111 1675 extremis
1137 1643 1327 1683 adjuvamen

894 1691 939 1723 Et
964 1691 1075 1723 ruinae
1100 1691 1282 1723 relevamen

946 1738 1064 1771 Confer
1085 1738 1173 1779 mihi,
1203 1739 1339 1771 domina.

835 1798 868 1829 5.
892 1795 1016 1836 Gaude,
1043 1804 1123 1837 quae
1150 1801 1226 1829 tunc
1247 1796 1419 1829 laetabaris

894 1844 980 1876 Dum
1004 1845 1038 1877 in
1064 1844 1185 1876 coelum
1208 1844 1378 1885 levabaris,

942 1891 1024 1932 Spes
1048 1892 1161 1924 salutis
1186 1893 1358 1934 hominum,

896 1941 1034 1981 Quorum
1059 1949 1174 1972 noxam
1200 1940 1382 1973 recordaris

894 1989 937 2021 Et
961 1998 1022 2028 pro
1048 1988 1163 2028 quibus
1190 1988 1374 2028 deprecaris

944 2036 1147 2069 lncessanter
1170 2036 1351 2069 Dominum.

899 2085 948 2117 Tu
974 2084 1100 2117 medela
1124 2093 1227 2117 noxae
1254 2085 1354 2125 dirae,

899 2132 982 2165 Mihi
1006 2133 1086 2165 velis
1111 2133 1283 2167 subvenire

942 2180 1060 2213 Mortis
1085 2182 1118 2213 in
1143 2181 1260 2213 itinere

894 2229 940 2261 Et
962 2238 1033 2262 cum
1060 2229 1128 2262 dies
1153 2230 1215 2262 erit
1237 2230 1315 2269 irae,

897 2279 997 2316 Quam
1023 2277 1093 2317 quis
1119 2278 1230 2318 nequit
1254 2282 1442 2322 praetemre,

945 2325 1022 2358 Noli
1046 2335 1097 2358 me
1122 2326 1313 2366 relinquere.

217 2395 298 2424 Orat.
327 2404 381 2423 ms.
410 2394 609 2431 Anglicanum
637 2401 713 2420 saec.
743 2391 786 2420 15.
815 2392 885 2421 uod.
913 2392 1077 2420 Londineu.
1106 2394 1155 2421 Ar.
1178 2390 1241 2421 203.
1267 2394 1300 2424 Α,
1329 2410 1365 2414 -
1387 2395 1468 2423 Orat.

138 2445 193 2464 ms.
218 2434 402 2474 Tegurinum
427 2440 506 2462 saee-
530 2430 574 2460 15.
601 2431 674 2461 Clm.
702 2432 856 2461 Mon-acen.
887 2428 996 2462 20001.
1023 2432 1054 2459 B.
1076 2447 1114 2452 -—
1142 2432 1215 2462 Cim.
1236 2433 1390 2464 Monaeen.
1416 2432 1468 2466 (ol.
