<?xml version="1.0" encoding="UTF-8"?>
<!DOCTYPE html PUBLIC "-//W3C//DTD XHTML 1.0 Transitional//EN"
    "http://www.w3.org/TR/xhtml1/DTD/xhtml1-transitional.dtd">
<html xmlns="http://www.w3.org/1999/xhtml" xml:lang="en" lang="en">
 <head>
  <title>
</title>
<meta http-equiv="Content-Type" content="text/html;charset=utf-8" />
  <meta name='ocr-system' content='tesseract 3.04.00' />
  <meta name='ocr-capabilities' content='ocr_page ocr_carea ocr_par ocr_line ocrx_word'/>
</head>
<body>
  <div class='ocr_page' id='page_1' title='image "./analectahymnica15drevuoft_00215.png"; bbox 0 0 1653 2668; ppageno 0'>
   <div class='ocr_carea' id='block_1_1' title="bbox 722 126 980 163">
    <p class='ocr_par' dir='ltr' id='par_1_1' title="bbox 722 126 980 163">
     <span class='ocr_line' id='line_1_1' title="bbox 722 126 980 163; baseline -0.012 1"><span class='ocrx_word' id='word_1_1' title='bbox 722 126 980 163; x_wconf 80' lang='lat'>-212—</span> 
     </span>
    </p>
   </div>
   <div class='ocr_carea' id='block_1_2' title="bbox 208 226 764 270">
    <p class='ocr_par' dir='ltr' id='par_1_2' title="bbox 208 226 764 270">
     <span class='ocr_line' id='line_1_2' title="bbox 208 226 764 270; baseline -0.011 -8"><span class='ocrx_word' id='word_1_2' title='bbox 208 230 240 263; x_wconf 87' lang='lat'>3.</span> <span class='ocrx_word' id='word_1_3' title='bbox 269 228 389 270; x_wconf 84' lang='lat' dir='ltr'>Gaude,</span> <span class='ocrx_word' id='word_1_4' title='bbox 416 228 576 261; x_wconf 87' lang='lat' dir='ltr'>Johanncs</span> <span class='ocrx_word' id='word_1_5' title='bbox 600 226 764 265; x_wconf 82' lang='lat' dir='ltr'>vocitatus,</span> 
     </span>
    </p>
   </div>
   <div class='ocr_carea' id='block_1_3' title="bbox 270 273 682 505">
    <p class='ocr_par' dir='ltr' id='par_1_3' title="bbox 270 273 645 361">
     <span class='ocr_line' id='line_1_3' title="bbox 270 273 637 317; baseline -0.011 -8"><span class='ocrx_word' id='word_1_6' title='bbox 270 277 388 317; x_wconf 80' lang='lat' dir='ltr'>Aquila</span> <span class='ocrx_word' id='word_1_7' title='bbox 409 273 637 316; x_wconf 74' lang='lat' dir='ltr'>praefiguratus</span> 
     </span>
     <span class='ocr_line' id='line_1_4' title="bbox 315 321 645 361; baseline -0.015 -4"><span class='ocrx_word' id='word_1_8' title='bbox 315 323 491 357; x_wconf 73' lang='lat' dir='ltr'><strong>Ezechielis</strong></span> <span class='ocrx_word' id='word_1_9' title='bbox 515 321 645 361; x_wconf 88' lang='lat' dir='ltr'>visibus,</span> 
     </span>
    </p>

    <p class='ocr_par' dir='ltr' id='par_1_4' title="bbox 271 368 651 412">
     <span class='ocr_line' id='line_1_5' title="bbox 271 368 651 412; baseline -0.013 -7"><span class='ocrx_word' id='word_1_10' title='bbox 271 370 459 412; x_wconf 87' lang='lat' dir='ltr'>Prophetias</span> <span class='ocrx_word' id='word_1_11' title='bbox 485 378 517 401; x_wconf 91' lang='lat' dir='ltr'>es</span> <span class='ocrx_word' id='word_1_12' title='bbox 542 368 651 401; x_wconf 83' lang='lat' dir='ltr'>effatus</span> 
     </span>
    </p>

    <p class='ocr_par' dir='ltr' id='par_1_5' title="bbox 270 416 682 505">
     <span class='ocr_line' id='line_1_6' title="bbox 270 416 660 459; baseline -0.01 -8"><span class='ocrx_word' id='word_1_13' title='bbox 270 419 314 452; x_wconf 88' lang='lat' dir='ltr'>Et</span> <span class='ocrx_word' id='word_1_14' title='bbox 338 417 498 459; x_wconf 88' lang='lat' dir='ltr'>apostolus</span> <span class='ocrx_word' id='word_1_15' title='bbox 525 416 660 455; x_wconf 87' lang='lat' dir='ltr'>dotatus,</span> 
     </span>
     <span class='ocr_line' id='line_1_7' title="bbox 314 463 682 505; baseline -0.008 -6"><span class='ocrx_word' id='word_1_16' title='bbox 314 464 520 505; x_wconf 87' lang='lat' dir='ltr'>Evangelista</span> <span class='ocrx_word' id='word_1_17' title='bbox 542 463 682 496; x_wconf 88' lang='lat' dir='ltr'>coelitus.</span> 
     </span>
    </p>
   </div>
   <div class='ocr_carea' id='block_1_4' title="bbox 237 520 832 792">
    <p class='ocr_par' dir='ltr' id='par_1_6' title="bbox 237 520 832 792">
     <span class='ocr_line' id='line_1_8' title="bbox 237 520 832 565; baseline -0.008 -9"><span class='ocrx_word' id='word_1_18' title='bbox 237 548 244 556; x_wconf 97' lang='lat'>.</span> <span class='ocrx_word' id='word_1_19' title='bbox 272 523 393 565; x_wconf 81' lang='lat' dir='ltr'>Gaude,</span> <span class='ocrx_word' id='word_1_20' title='bbox 407 520 577 561; x_wconf 84' lang='lat' dir='ltr'>Johannes,</span> <span class='ocrx_word' id='word_1_21' title='bbox 595 529 657 553; x_wconf 88' lang='lat' dir='ltr'>vox</span> <span class='ocrx_word' id='word_1_22' title='bbox 669 521 832 552; x_wconf 83' lang='lat' dir='ltr'>clamantis</span> 
     </span>
     <span class='ocr_line' id='line_1_9' title="bbox 268 568 712 608; baseline -0.005 -6"><span class='ocrx_word' id='word_1_23' title='bbox 268 570 313 602; x_wconf 86' lang='lat' dir='ltr'>Et</span> <span class='ocrx_word' id='word_1_24' title='bbox 335 571 465 602; x_wconf 86' lang='lat' dir='ltr'>lucerna</span> <span class='ocrx_word' id='word_1_25' title='bbox 487 568 712 608; x_wconf 83' lang='lat' dir='ltr'>perlustrantis</span> 
     </span>
     <span class='ocr_line' id='line_1_10' title="bbox 313 615 653 656; baseline -0.009 -7"><span class='ocrx_word' id='word_1_26' title='bbox 313 618 389 649; x_wconf 86' lang='lat' dir='ltr'>Veri</span> <span class='ocrx_word' id='word_1_27' title='bbox 413 616 484 647; x_wconf 92' lang='lat' dir='ltr'>luce</span> <span class='ocrx_word' id='word_1_28' title='bbox 506 615 653 656; x_wconf 88' lang='lat' dir='ltr'>numinis,</span> 
     </span>
     <span class='ocr_line' id='line_1_11' title="bbox 269 661 752 702; baseline -0.006 -5"><span class='ocrx_word' id='word_1_29' title='bbox 269 665 373 697; x_wconf 88' lang='lat' dir='ltr'>Patris</span> <span class='ocrx_word' id='word_1_30' title='bbox 398 672 507 695; x_wconf 86' lang='lat' dir='ltr'>vocem</span> <span class='ocrx_word' id='word_1_31' title='bbox 531 663 621 694; x_wconf 88' lang='lat' dir='ltr'>audis</span> <span class='ocrx_word' id='word_1_32' title='bbox 646 661 752 702; x_wconf 86' lang='lat' dir='ltr'>fantis,</span> 
     </span>
     <span class='ocr_line' id='line_1_12' title="bbox 268 710 757 751; baseline -0.004 -7"><span class='ocrx_word' id='word_1_33' title='bbox 268 711 373 744; x_wconf 87' lang='lat' dir='ltr'>Lavas</span> <span class='ocrx_word' id='word_1_34' title='bbox 399 719 512 751; x_wconf 86' lang='lat' dir='ltr'>corpus</span> <span class='ocrx_word' id='word_1_35' title='bbox 538 710 757 751; x_wconf 81' lang='lat' dir='ltr'>conregnantis</span> 
     </span>
     <span class='ocr_line' id='line_1_13' title="bbox 317 756 671 792; baseline -0.006 0"><span class='ocrx_word' id='word_1_36' title='bbox 317 759 413 792; x_wconf 86' lang='lat' dir='ltr'>Unda</span> <span class='ocrx_word' id='word_1_37' title='bbox 436 758 506 790; x_wconf 90' lang='lat' dir='ltr'>visu</span> <span class='ocrx_word' id='word_1_38' title='bbox 526 756 671 791; x_wconf 68' lang='lat' dir='ltr'>flaminis</span> 
     </span>
    </p>
   </div>
   <div class='ocr_carea' id='block_1_5' title="bbox 238 814 833 1086">
    <p class='ocr_par' dir='ltr' id='par_1_7' title="bbox 238 814 833 903">
     <span class='ocr_line' id='line_1_14' title="bbox 238 814 833 857; baseline -0.005 -8"><span class='ocrx_word' id='word_1_39' title='bbox 238 843 245 850; x_wconf 89' lang='lat'>.</span> <span class='ocrx_word' id='word_1_40' title='bbox 275 815 394 855; x_wconf 83' lang='lat' dir='ltr'>Gaude,</span> <span class='ocrx_word' id='word_1_41' title='bbox 408 815 428 848; x_wconf 86' lang='lat' dir='ltr'><strong>J</strong></span> <span class='ocrx_word' id='word_1_42' title='bbox 431 815 578 853; x_wconf 81' lang='lat' dir='ltr'>ohannes,</span> <span class='ocrx_word' id='word_1_43' title='bbox 592 814 723 846; x_wconf 87' lang='lat' dir='ltr'>verbum</span> <span class='ocrx_word' id='word_1_44' title='bbox 737 815 833 857; x_wconf 81' lang='lat' dir='ltr'>vocis,</span> 
     </span>
     <span class='ocr_line' id='line_1_15' title="bbox 272 862 690 903; baseline -0.007 -7"><span class='ocrx_word' id='word_1_45' title='bbox 272 862 448 896; x_wconf 85' lang='lat' dir='ltr'>Eructabas</span> <span class='ocrx_word' id='word_1_46' title='bbox 470 862 577 894; x_wconf 88' lang='lat' dir='ltr'>multis</span> <span class='ocrx_word' id='word_1_47' title='bbox 601 862 690 903; x_wconf 90' lang='lat' dir='ltr'>locis,</span> 
     </span>
    </p>

    <p class='ocr_par' dir='ltr' id='par_1_8' title="bbox 271 908 832 1048">
     <span class='ocr_line' id='line_1_16' title="bbox 317 908 832 951; baseline -0.002 -8"><span class='ocrx_word' id='word_1_48' title='bbox 317 910 406 950; x_wconf 75' lang='lat' dir='ltr'>Quod</span> <span class='ocrx_word' id='word_1_49' title='bbox 419 910 550 942; x_wconf 88' lang='lat' dir='ltr'>verbum</span> <span class='ocrx_word' id='word_1_50' title='bbox 565 919 637 942; x_wconf 87' lang='lat' dir='ltr'>caro</span> <span class='ocrx_word' id='word_1_51' title='bbox 647 908 764 942; x_wconf 87' lang='lat' dir='ltr'>factum</span> <span class='ocrx_word' id='word_1_52' title='bbox 775 914 832 951; x_wconf 86' lang='lat' dir='ltr'>est,</span> 
     </span>
     <span class='ocr_line' id='line_1_17' title="bbox 272 957 784 991; baseline -0.004 0"><span class='ocrx_word' id='word_1_53' title='bbox 272 959 401 991; x_wconf 87' lang='lat' dir='ltr'>Patrem</span> <span class='ocrx_word' id='word_1_54' title='bbox 426 957 516 989; x_wconf 86' lang='lat' dir='ltr'>audis</span> <span class='ocrx_word' id='word_1_55' title='bbox 541 957 653 990; x_wconf 88' lang='lat' dir='ltr'>videns</span> <span class='ocrx_word' id='word_1_56' title='bbox 676 960 784 990; x_wconf 88' lang='lat' dir='ltr'>natum</span> 
     </span>
     <span class='ocr_line' id='line_1_18' title="bbox 271 1004 804 1048; baseline -0.002 -10"><span class='ocrx_word' id='word_1_57' title='bbox 271 1005 512 1038; x_wconf 87' lang='lat' dir='ltr'>Corruscantem</span> <span class='ocrx_word' id='word_1_58' title='bbox 537 1004 804 1048; x_wconf 86' lang='lat' dir='ltr'>transfiguratum,</span> 
     </span>
    </p>

    <p class='ocr_par' dir='ltr' id='par_1_9' title="bbox 315 1052 832 1086">
     <span class='ocr_line' id='line_1_19' title="bbox 315 1052 832 1086; baseline -0.002 0"><span class='ocrx_word' id='word_1_59' title='bbox 315 1053 427 1085; x_wconf 84' lang='lat' dir='ltr'>Monte</span> <span class='ocrx_word' id='word_1_60' title='bbox 439 1052 567 1084; x_wconf 81' lang='lat' dir='ltr'>Thabor</span> <span class='ocrx_word' id='word_1_61' title='bbox 583 1052 644 1084; x_wconf 90' lang='lat' dir='ltr'>hoc</span> <span class='ocrx_word' id='word_1_62' title='bbox 656 1055 760 1085; x_wconf 89' lang='lat' dir='ltr'>actum</span> <span class='ocrx_word' id='word_1_63' title='bbox 775 1055 832 1086; x_wconf 86' lang='lat' dir='ltr'>est.</span> 
     </span>
    </p>
   </div>
   <div class='ocr_carea' id='block_1_6' title="bbox 238 1108 834 1385">
    <p class='ocr_par' dir='ltr' id='par_1_10' title="bbox 238 1108 834 1385">
     <span class='ocr_line' id='line_1_20' title="bbox 238 1108 834 1150; baseline 0 -9"><span class='ocrx_word' id='word_1_64' title='bbox 238 1134 244 1141; x_wconf 93' lang='lat'>.</span> <span class='ocrx_word' id='word_1_65' title='bbox 274 1109 396 1149; x_wconf 81' lang='lat' dir='ltr'>Gaude,</span> <span class='ocrx_word' id='word_1_66' title='bbox 409 1108 429 1140; x_wconf 86' lang='lat' dir='ltr'><strong>J</strong></span> <span class='ocrx_word' id='word_1_67' title='bbox 431 1109 580 1148; x_wconf 90' lang='lat' dir='ltr'>ohannes,</span> <span class='ocrx_word' id='word_1_68' title='bbox 593 1118 692 1149; x_wconf 87' lang='lat' dir='ltr'>nepos</span> <span class='ocrx_word' id='word_1_69' title='bbox 706 1109 834 1150; x_wconf 83' lang='lat' dir='ltr'>Christi,</span> 
     </span>
     <span class='ocr_line' id='line_1_21' title="bbox 270 1155 647 1195; baseline -0.003 -6"><span class='ocrx_word' id='word_1_70' title='bbox 270 1157 399 1190; x_wconf 82' lang='lat' dir='ltr'>Amicus</span> <span class='ocrx_word' id='word_1_71' title='bbox 424 1156 492 1195; x_wconf 83' lang='lat' dir='ltr'>ejus</span> <span class='ocrx_word' id='word_1_72' title='bbox 516 1155 647 1188; x_wconf 80' lang='lat' dir='ltr'>adfuisti</span> 
     </span>
     <span class='ocr_line' id='line_1_22' title="bbox 316 1204 786 1245; baseline 0.002 -9"><span class='ocrx_word' id='word_1_73' title='bbox 316 1205 441 1244; x_wconf 84' lang='lat' dir='ltr'>Agnum</span> <span class='ocrx_word' id='word_1_74' title='bbox 465 1206 644 1236; x_wconf 84' lang='lat' dir='ltr'>monstrans</span> <span class='ocrx_word' id='word_1_75' title='bbox 670 1204 786 1245; x_wconf 74' lang='lat' dir='ltr'>digito,</span> 
     </span>
     <span class='ocr_line' id='line_1_23' title="bbox 270 1251 711 1292; baseline -0.002 -9"><span class='ocrx_word' id='word_1_76' title='bbox 270 1252 379 1291; x_wconf 82' lang='lat' dir='ltr'>Ipsum</span> <span class='ocrx_word' id='word_1_77' title='bbox 402 1251 533 1282; x_wconf 89' lang='lat' dir='ltr'>multum</span> <span class='ocrx_word' id='word_1_78' title='bbox 561 1251 711 1292; x_wconf 82' lang='lat' dir='ltr'>dilexisti,</span> 
     </span>
     <span class='ocr_line' id='line_1_24' title="bbox 272 1298 684 1338; baseline 0 -8"><span class='ocrx_word' id='word_1_79' title='bbox 272 1299 308 1330; x_wconf 86' lang='lat' dir='ltr'>ln</span> <span class='ocrx_word' id='word_1_80' title='bbox 336 1299 460 1331; x_wconf 85' lang='lat' dir='ltr'>deserto</span> <span class='ocrx_word' id='word_1_81' title='bbox 485 1298 684 1338; x_wconf 79' lang='lat' dir='ltr'>praedixisti,</span> 
     </span>
     <span class='ocr_line' id='line_1_25' title="bbox 315 1345 739 1385; baseline 0.005 -7"><span class='ocrx_word' id='word_1_82' title='bbox 315 1345 455 1378; x_wconf 80' lang='lat' dir='ltr'>Advenit</span> <span class='ocrx_word' id='word_1_83' title='bbox 479 1355 580 1385; x_wconf 89' lang='lat' dir='ltr'>prope</span> <span class='ocrx_word' id='word_1_84' title='bbox 604 1347 739 1381; x_wconf 88' lang='lat' dir='ltr'>saeculo.</span> 
     </span>
    </p>
   </div>
   <div class='ocr_carea' id='block_1_7' title="bbox 236 1401 833 1675">
    <p class='ocr_par' dir='ltr' id='par_1_11' title="bbox 236 1401 833 1675">
     <span class='ocr_line' id='line_1_26' title="bbox 236 1401 833 1445; baseline 0 -10"><span class='ocrx_word' id='word_1_85' title='bbox 236 1427 243 1435; x_wconf 96' lang='lat'>.</span> <span class='ocrx_word' id='word_1_86' title='bbox 271 1402 392 1443; x_wconf 87' lang='lat' dir='ltr'>Gaude,</span> <span class='ocrx_word' id='word_1_87' title='bbox 407 1401 577 1443; x_wconf 82' lang='lat' dir='ltr'>Johannes,</span> <span class='ocrx_word' id='word_1_88' title='bbox 591 1412 689 1443; x_wconf 89' lang='lat' dir='ltr'>nepos</span> <span class='ocrx_word' id='word_1_89' title='bbox 703 1404 833 1445; x_wconf 83' lang='lat' dir='ltr'>Christi,</span> 
     </span>
     <span class='ocr_line' id='line_1_27' title="bbox 271 1449 692 1489; baseline 0 -7"><span class='ocrx_word' id='word_1_90' title='bbox 271 1449 390 1482; x_wconf 86' lang='lat' dir='ltr'>Christi</span> <span class='ocrx_word' id='word_1_91' title='bbox 416 1458 498 1489; x_wconf 85' lang='lat' dir='ltr'>care,</span> <span class='ocrx_word' id='word_1_92' title='bbox 525 1452 558 1482; x_wconf 89' lang='lat' dir='ltr'>tu</span> <span class='ocrx_word' id='word_1_93' title='bbox 583 1451 692 1483; x_wconf 89' lang='lat' dir='ltr'>vidisti</span> 
     </span>
     <span class='ocr_line' id='line_1_28' title="bbox 315 1496 704 1539; baseline 0.005 -10"><span class='ocrx_word' id='word_1_94' title='bbox 315 1498 440 1538; x_wconf 85' lang='lat' dir='ltr'>Agnum</span> <span class='ocrx_word' id='word_1_95' title='bbox 466 1496 541 1529; x_wconf 86' lang='lat' dir='ltr'>Sion</span> <span class='ocrx_word' id='word_1_96' title='bbox 566 1499 704 1539; x_wconf 85' lang='lat' dir='ltr'>speculo,</span> 
     </span>
     <span class='ocr_line' id='line_1_29' title="bbox 270 1544 670 1586; baseline 0.003 -10"><span class='ocrx_word' id='word_1_97' title='bbox 270 1545 488 1577; x_wconf 87' lang='lat' dir='ltr'>Praedilectus</span> <span class='ocrx_word' id='word_1_98' title='bbox 513 1548 547 1577; x_wconf 86' lang='lat' dir='ltr'>tu</span> <span class='ocrx_word' id='word_1_99' title='bbox 571 1544 670 1586; x_wconf 78' lang='lat' dir='ltr'>fuisti,</span> 
     </span>
     <span class='ocr_line' id='line_1_30' title="bbox 269 1592 776 1634; baseline 0.006 -11"><span class='ocrx_word' id='word_1_100' title='bbox 269 1592 497 1634; x_wconf 87' lang='lat' dir='ltr'>Apocalypsim</span> <span class='ocrx_word' id='word_1_101' title='bbox 522 1596 595 1633; x_wconf 89' lang='lat' dir='ltr'>post</span> <span class='ocrx_word' id='word_1_102' title='bbox 619 1594 776 1634; x_wconf 78' lang='lat' dir='ltr'>scripsisti</span> 
     </span>
     <span class='ocr_line' id='line_1_31' title="bbox 319 1640 674 1675; baseline 0.003 -2"><span class='ocrx_word' id='word_1_103' title='bbox 319 1641 470 1673; x_wconf 85' lang='lat' dir='ltr'>Pathmos</span> <span class='ocrx_word' id='word_1_104' title='bbox 494 1640 526 1672; x_wconf 92' lang='lat' dir='ltr'>in</span> <span class='ocrx_word' id='word_1_105' title='bbox 554 1641 674 1675; x_wconf 80' lang='lat' dir='ltr'>exsilio.</span> 
     </span>
    </p>
   </div>
   <div class='ocr_carea' id='block_1_8' title="bbox 913 219 1483 265">
    <p class='ocr_par' dir='ltr' id='par_1_12' title="bbox 913 219 1483 265">
     <span class='ocr_line' id='line_1_32' title="bbox 913 219 1483 265; baseline -0.012 -9"><span class='ocrx_word' id='word_1_106' title='bbox 913 225 944 257; x_wconf 84' lang='grc'>8.</span> <span class='ocrx_word' id='word_1_107' title='bbox 973 222 1095 265; x_wconf 84' lang='lat' dir='ltr'>Gaude,</span> <span class='ocrx_word' id='word_1_108' title='bbox 1122 221 1299 262; x_wconf 84' lang='lat' dir='ltr'>Johannes,</span> <span class='ocrx_word' id='word_1_109' title='bbox 1326 219 1483 252; x_wconf 82' lang='lat' dir='ltr'>castitatis</span> 
     </span>
    </p>
   </div>
   <div class='ocr_carea' id='block_1_9' title="bbox 971 266 1472 500">
    <p class='ocr_par' dir='ltr' id='par_1_13' title="bbox 973 266 1472 357">
     <span class='ocr_line' id='line_1_33' title="bbox 973 266 1438 310; baseline -0.011 -8"><span class='ocrx_word' id='word_1_110' title='bbox 973 270 1212 310; x_wconf 78' lang='lat' dir='ltr'>Exemplarque</span> <span class='ocrx_word' id='word_1_111' title='bbox 1235 266 1438 309; x_wconf 82' lang='lat' dir='ltr'>virginitatis,</span> 
     </span>
     <span class='ocr_line' id='line_1_34' title="bbox 1023 315 1472 357; baseline -0.009 -8"><span class='ocrx_word' id='word_1_112' title='bbox 1023 317 1220 349; x_wconf 88' lang='lat' dir='ltr'>Praedicans</span> <span class='ocrx_word' id='word_1_113' title='bbox 1244 315 1472 357; x_wconf 87' lang='lat' dir='ltr'>poenitentiam</span> 
     </span>
    </p>

    <p class='ocr_par' dir='ltr' id='par_1_14' title="bbox 971 363 1381 408">
     <span class='ocr_line' id='line_1_35' title="bbox 971 363 1381 408; baseline -0.007 -11"><span class='ocrx_word' id='word_1_114' title='bbox 971 366 1015 398; x_wconf 88' lang='lat' dir='ltr'>Et</span> <span class='ocrx_word' id='word_1_115' title='bbox 1040 366 1182 408; x_wconf 87' lang='lat' dir='ltr'>salutem,</span> <span class='ocrx_word' id='word_1_116' title='bbox 1209 363 1381 405; x_wconf 83' lang='lat' dir='ltr'>baptizatis</span> 
     </span>
    </p>

    <p class='ocr_par' dir='ltr' id='par_1_15' title="bbox 972 411 1459 500">
     <span class='ocr_line' id='line_1_36' title="bbox 972 411 1361 453; baseline 0 -10"><span class='ocrx_word' id='word_1_117' title='bbox 972 411 1155 445; x_wconf 88' lang='lat' dir='ltr'>Pharisaeis</span> <span class='ocrx_word' id='word_1_118' title='bbox 1180 411 1361 453; x_wconf 82' lang='lat' dir='ltr'>reprobatis</span> 
     </span>
     <span class='ocr_line' id='line_1_37' title="bbox 1018 458 1459 500; baseline -0.005 -7"><span class='ocrx_word' id='word_1_119' title='bbox 1018 459 1194 493; x_wconf 87' lang='lat' dir='ltr'>Affirmans</span> <span class='ocrx_word' id='word_1_120' title='bbox 1218 458 1459 500; x_wconf 82' lang='lat' dir='ltr'>indulgentiam.</span> 
     </span>
    </p>
   </div>
   <div class='ocr_carea' id='block_1_10' title="bbox 938 515 1519 560">
    <p class='ocr_par' dir='ltr' id='par_1_16' title="bbox 938 515 1519 560">
     <span class='ocr_line' id='line_1_38' title="bbox 938 515 1519 560; baseline -0.005 -10"><span class='ocrx_word' id='word_1_121' title='bbox 938 542 945 550; x_wconf 95' lang='lat'>.</span> <span class='ocrx_word' id='word_1_122' title='bbox 974 516 1096 558; x_wconf 82' lang='lat' dir='ltr'>Gaude,</span> <span class='ocrx_word' id='word_1_123' title='bbox 1122 518 1295 560; x_wconf 82' lang='lat' dir='ltr'>JohanneS,</span> <span class='ocrx_word' id='word_1_124' title='bbox 1320 515 1383 547; x_wconf 91' lang='lat' dir='ltr'>Dei</span> <span class='ocrx_word' id='word_1_125' title='bbox 1407 515 1519 548; x_wconf 84' lang='lat' dir='ltr'>matris</span> 
     </span>
    </p>
   </div>
   <div class='ocr_carea' id='block_1_11' title="bbox 974 563 1470 797">
    <p class='ocr_par' dir='ltr' id='par_1_17' title="bbox 974 563 1470 653">
     <span class='ocr_line' id='line_1_39' title="bbox 974 563 1354 603; baseline -0.003 -6"><span class='ocrx_word' id='word_1_126' title='bbox 974 565 1086 598; x_wconf 90' lang='lat' dir='ltr'>Custos</span> <span class='ocrx_word' id='word_1_127' title='bbox 1112 567 1191 597; x_wconf 88' lang='lat' dir='ltr'>nutu</span> <span class='ocrx_word' id='word_1_128' title='bbox 1217 563 1354 603; x_wconf 83' lang='lat' dir='ltr'>deitatis,</span> 
     </span>
     <span class='ocr_line' id='line_1_40' title="bbox 1022 611 1470 653; baseline -0.007 -8"><span class='ocrx_word' id='word_1_129' title='bbox 1022 613 1120 653; x_wconf 82' lang='lat' dir='ltr'>Virgo</span> <span class='ocrx_word' id='word_1_130' title='bbox 1145 622 1205 653; x_wconf 88' lang='lat' dir='ltr'>per</span> <span class='ocrx_word' id='word_1_131' title='bbox 1231 611 1470 652; x_wconf 82' lang='lat' dir='ltr'>excellentiam3</span> 
     </span>
    </p>

    <p class='ocr_par' dir='ltr' id='par_1_18' title="bbox 975 658 1396 700">
     <span class='ocr_line' id='line_1_41' title="bbox 975 658 1396 700; baseline -0.007 -7"><span class='ocrx_word' id='word_1_132' title='bbox 975 661 1023 693; x_wconf 88' lang='lat' dir='ltr'>Tu</span> <span class='ocrx_word' id='word_1_133' title='bbox 1044 669 1103 700; x_wconf 87' lang='lat' dir='ltr'>per</span> <span class='ocrx_word' id='word_1_134' title='bbox 1129 660 1227 692; x_wconf 87' lang='lat' dir='ltr'>verba</span> <span class='ocrx_word' id='word_1_135' title='bbox 1250 658 1396 692; x_wconf 81' lang='lat' dir='ltr'>veritatis</span> 
     </span>
    </p>

    <p class='ocr_par' dir='ltr' id='par_1_19' title="bbox 976 707 1412 797">
     <span class='ocr_line' id='line_1_42' title="bbox 976 707 1412 748; baseline -0.007 -7"><span class='ocrx_word' id='word_1_136' title='bbox 976 708 1219 741; x_wconf 86' lang='lat' dir='ltr'>Haereticorum</span> <span class='ocrx_word' id='word_1_137' title='bbox 1244 707 1412 748; x_wconf 86' lang='lat' dir='ltr'>pravitatis</span> 
     </span>
     <span class='ocr_line' id='line_1_43' title="bbox 1022 754 1392 797; baseline -0.003 -9"><span class='ocrx_word' id='word_1_138' title='bbox 1022 756 1187 797; x_wconf 85' lang='lat' dir='ltr'>Superasti</span> <span class='ocrx_word' id='word_1_139' title='bbox 1209 754 1392 796; x_wconf 81' lang='lat' dir='ltr'>nequitiam.</span> 
     </span>
    </p>
   </div>
   <div class='ocr_carea' id='block_1_12' title="bbox 943 811 1510 855">
    <p class='ocr_par' dir='ltr' id='par_1_20' title="bbox 943 811 1510 855">
     <span class='ocr_line' id='line_1_44' title="bbox 943 811 1510 855; baseline -0.005 -9"><span class='ocrx_word' id='word_1_140' title='bbox 943 840 950 847; x_wconf 94' lang='lat'>.</span> <span class='ocrx_word' id='word_1_141' title='bbox 978 812 1101 854; x_wconf 82' lang='lat' dir='ltr'>Gaude,</span> <span class='ocrx_word' id='word_1_142' title='bbox 1127 815 1260 855; x_wconf 81' lang='lat' dir='ltr'>martyr,</span> <span class='ocrx_word' id='word_1_143' title='bbox 1290 811 1378 851; x_wconf 86' lang='lat' dir='ltr'>cujus</span> <span class='ocrx_word' id='word_1_144' title='bbox 1403 812 1510 843; x_wconf 81' lang='lat' dir='ltr'>lumen</span> 
     </span>
    </p>
   </div>
   <div class='ocr_carea' id='block_1_13' title="bbox 974 860 1471 1085">
    <p class='ocr_par' dir='ltr' id='par_1_21' title="bbox 975 860 1456 948">
     <span class='ocr_line' id='line_1_45' title="bbox 975 860 1450 901; baseline -0.006 -8"><span class='ocrx_word' id='word_1_145' title='bbox 975 860 1073 893; x_wconf 85' lang='lat' dir='ltr'>Venit</span> <span class='ocrx_word' id='word_1_146' title='bbox 1096 860 1193 893; x_wconf 86' lang='lat' dir='ltr'>limbo</span> <span class='ocrx_word' id='word_1_147' title='bbox 1219 860 1310 901; x_wconf 86' lang='lat' dir='ltr'>quasi</span> <span class='ocrx_word' id='word_1_148' title='bbox 1332 868 1450 891; x_wconf 89' lang='lat' dir='ltr'>numen</span> 
     </span>
     <span class='ocr_line' id='line_1_46' title="bbox 1021 907 1456 948; baseline 0 -8"><span class='ocrx_word' id='word_1_149' title='bbox 1021 909 1271 948; x_wconf 87' lang='lat' dir='ltr'>Redemptorem</span> <span class='ocrx_word' id='word_1_150' title='bbox 1295 907 1456 948; x_wconf 88' lang='lat' dir='ltr'>nuntians,</span> 
     </span>
    </p>

    <p class='ocr_par' dir='ltr' id='par_1_22' title="bbox 974 955 1471 997">
     <span class='ocr_line' id='line_1_47' title="bbox 974 955 1471 997; baseline -0.004 -9"><span class='ocrx_word' id='word_1_151' title='bbox 974 956 1063 988; x_wconf 89' lang='lat' dir='ltr'>Bone</span> <span class='ocrx_word' id='word_1_152' title='bbox 1087 959 1219 997; x_wconf 75' lang='lat' dir='ltr'>martyr,</span> <span class='ocrx_word' id='word_1_153' title='bbox 1244 958 1345 996; x_wconf 82' lang='lat' dir='ltr'>vates,</span> <span class='ocrx_word' id='word_1_154' title='bbox 1371 955 1471 996; x_wconf 82' lang='lat' dir='ltr'>virgo,</span> 
     </span>
    </p>

    <p class='ocr_par' dir='ltr' id='par_1_23' title="bbox 974 1003 1423 1085">
     <span class='ocr_line' id='line_1_48' title="bbox 974 1003 1423 1045; baseline -0.002 -10"><span class='ocrx_word' id='word_1_155' title='bbox 974 1004 1142 1045; x_wconf 86' lang='lat' dir='ltr'>Morituro,</span> <span class='ocrx_word' id='word_1_156' title='bbox 1170 1004 1295 1044; x_wconf 85' lang='lat' dir='ltr'>quando</span> <span class='ocrx_word' id='word_1_157' title='bbox 1320 1003 1423 1044; x_wconf 84' lang='lat' dir='ltr'>pirgo,</span> 
     </span>
     <span class='ocr_line' id='line_1_49' title="bbox 1024 1051 1332 1085; baseline 0 -1"><span class='ocrx_word' id='word_1_158' title='bbox 1024 1051 1074 1084; x_wconf 92' lang='lat' dir='ltr'>Sis</span> <span class='ocrx_word' id='word_1_159' title='bbox 1099 1052 1332 1085; x_wconf 84' lang='lat' dir='ltr'>reconciliatio.</span> 
     </span>
    </p>
   </div>
   <div class='ocr_carea' id='block_1_14' title="bbox 940 1107 1461 1150">
    <p class='ocr_par' dir='ltr' id='par_1_24' title="bbox 940 1107 1461 1150">
     <span class='ocr_line' id='line_1_50' title="bbox 940 1107 1461 1150; baseline -0.004 -9"><span class='ocrx_word' id='word_1_160' title='bbox 940 1134 947 1142; x_wconf 92' lang='lat'>.</span> <span class='ocrx_word' id='word_1_161' title='bbox 976 1108 1097 1148; x_wconf 82' lang='lat' dir='ltr'>Gaude,</span> <span class='ocrx_word' id='word_1_162' title='bbox 1122 1112 1246 1150; x_wconf 84' lang='lat' dir='ltr'>martyr</span> <span class='ocrx_word' id='word_1_163' title='bbox 1271 1107 1461 1150; x_wconf 85' lang='lat' dir='ltr'>sanctitatis,</span> 
     </span>
    </p>
   </div>
   <div class='ocr_carea' id='block_1_15' title="bbox 973 1156 1521 1389">
    <p class='ocr_par' dir='ltr' id='par_1_25' title="bbox 973 1156 1521 1389">
     <span class='ocr_line' id='line_1_51' title="bbox 973 1156 1358 1198; baseline -0.005 -10"><span class='ocrx_word' id='word_1_164' title='bbox 973 1156 1061 1195; x_wconf 87' lang='lat' dir='ltr'>Avis,</span> <span class='ocrx_word' id='word_1_165' title='bbox 1086 1156 1175 1197; x_wconf 83' lang='lat' dir='ltr'>virgo</span> <span class='ocrx_word' id='word_1_166' title='bbox 1200 1156 1358 1198; x_wconf 84' lang='lat' dir='ltr'>puritatis,</span> 
     </span>
     <span class='ocr_line' id='line_1_52' title="bbox 1026 1202 1357 1236; baseline -0.003 -1"><span class='ocrx_word' id='word_1_167' title='bbox 1026 1204 1088 1235; x_wconf 87' lang='lat' dir='ltr'>Vas</span> <span class='ocrx_word' id='word_1_168' title='bbox 1112 1202 1268 1236; x_wconf 78' lang='lat' dir='ltr'>ferventis</span> <span class='ocrx_word' id='word_1_169' title='bbox 1294 1203 1357 1236; x_wconf 85' lang='lat' dir='ltr'>olei</span> 
     </span>
     <span class='ocr_line' id='line_1_53' title="bbox 976 1250 1521 1292; baseline -0.002 -9"><span class='ocrx_word' id='word_1_170' title='bbox 976 1251 1022 1283; x_wconf 90' lang='lat' dir='ltr'>Te</span> <span class='ocrx_word' id='word_1_171' title='bbox 1038 1260 1102 1283; x_wconf 88' lang='lat' dir='ltr'>non</span> <span class='ocrx_word' id='word_1_172' title='bbox 1114 1252 1225 1292; x_wconf 87' lang='lat' dir='ltr'>laedit,</span> <span class='ocrx_word' id='word_1_173' title='bbox 1244 1250 1364 1284; x_wconf 87' lang='lat' dir='ltr'>Christi</span> <span class='ocrx_word' id='word_1_174' title='bbox 1375 1251 1521 1292; x_wconf 87' lang='lat' dir='ltr'>sacrista,</span> 
     </span>
     <span class='ocr_line' id='line_1_54' title="bbox 975 1298 1506 1340; baseline -0.002 -9"><span class='ocrx_word' id='word_1_175' title='bbox 975 1298 1041 1331; x_wconf 82' lang='lat' dir='ltr'>Nos</span> <span class='ocrx_word' id='word_1_176' title='bbox 1068 1308 1234 1332; x_wconf 88' lang='lat' dir='ltr'>conserves</span> <span class='ocrx_word' id='word_1_177' title='bbox 1260 1307 1329 1331; x_wconf 86' lang='lat' dir='ltr'>cum</span> <span class='ocrx_word' id='word_1_178' title='bbox 1354 1298 1506 1340; x_wconf 85' lang='lat' dir='ltr'>baptista,</span> 
     </span>
     <span class='ocr_line' id='line_1_55' title="bbox 1023 1347 1431 1389; baseline 0 -11"><span class='ocrx_word' id='word_1_179' title='bbox 1023 1347 1148 1388; x_wconf 87' lang='lat' dir='ltr'>Valete,</span> <span class='ocrx_word' id='word_1_180' title='bbox 1175 1347 1278 1379; x_wconf 84' lang='lat' dir='ltr'>sancti</span> <span class='ocrx_word' id='word_1_181' title='bbox 1304 1347 1431 1389; x_wconf 80' lang='lat' dir='ltr'>gemini.</span> 
     </span>
    </p>
   </div>
   <div class='ocr_carea' id='block_1_16' title="bbox 942 1404 1390 1444">
    <p class='ocr_par' dir='ltr' id='par_1_26' title="bbox 942 1404 1390 1444">
     <span class='ocr_line' id='line_1_56' title="bbox 942 1404 1390 1444; baseline -0.002 -9"><span class='ocrx_word' id='word_1_182' title='bbox 942 1428 948 1435; x_wconf 95' lang='lat'>.</span> <span class='ocrx_word' id='word_1_183' title='bbox 976 1404 1066 1444; x_wconf 77' lang='lat' dir='ltr'>Vale,</span> <span class='ocrx_word' id='word_1_184' title='bbox 1091 1404 1194 1444; x_wconf 81' lang='lat' dir='ltr'>maJ&#39;or</span> <span class='ocrx_word' id='word_1_185' title='bbox 1217 1404 1390 1443; x_wconf 87' lang='lat' dir='ltr'>hominum,</span> 
     </span>
    </p>
   </div>
   <div class='ocr_carea' id='block_1_17' title="bbox 975 1451 1446 1685">
    <p class='ocr_par' dir='ltr' id='par_1_27' title="bbox 978 1451 1446 1541">
     <span class='ocr_line' id='line_1_57' title="bbox 978 1451 1446 1495; baseline -0.002 -11"><span class='ocrx_word' id='word_1_186' title='bbox 978 1452 1042 1484; x_wconf 84' lang='lat' dir='ltr'>Ora</span> <span class='ocrx_word' id='word_1_187' title='bbox 1064 1461 1123 1491; x_wconf 87' lang='lat' dir='ltr'>pro</span> <span class='ocrx_word' id='word_1_188' title='bbox 1147 1452 1239 1484; x_wconf 87' lang='lat' dir='ltr'>nobis</span> <span class='ocrx_word' id='word_1_189' title='bbox 1263 1451 1446 1495; x_wconf 88' lang='lat' dir='ltr'>Dominum,</span> 
     </span>
     <span class='ocr_line' id='line_1_58' title="bbox 1026 1499 1413 1541; baseline -0.003 -9"><span class='ocrx_word' id='word_1_190' title='bbox 1026 1500 1188 1533; x_wconf 86' lang='lat' dir='ltr'>Johannes</span> <span class='ocrx_word' id='word_1_191' title='bbox 1212 1509 1230 1532; x_wconf 95' lang='lat' dir='ltr'>o</span> <span class='ocrx_word' id='word_1_192' title='bbox 1255 1499 1413 1541; x_wconf 81' lang='lat' dir='ltr'>baptista3</span> 
     </span>
    </p>

    <p class='ocr_par' dir='ltr' id='par_1_28' title="bbox 975 1547 1389 1588">
     <span class='ocr_line' id='line_1_59' title="bbox 975 1547 1389 1588; baseline 0.002 -10"><span class='ocrx_word' id='word_1_193' title='bbox 975 1547 1064 1588; x_wconf 86' lang='lat' dir='ltr'>Vale,</span> <span class='ocrx_word' id='word_1_194' title='bbox 1092 1547 1145 1587; x_wconf 85' lang='lat' dir='ltr'>qui</span> <span class='ocrx_word' id='word_1_195' title='bbox 1169 1556 1249 1587; x_wconf 86' lang='lat' dir='ltr'>prae</span> <span class='ocrx_word' id='word_1_196' title='bbox 1274 1547 1389 1580; x_wconf 85' lang='lat' dir='ltr'>ceteris</span> 
     </span>
    </p>

    <p class='ocr_par' dir='ltr' id='par_1_29' title="bbox 975 1595 1437 1685">
     <span class='ocr_line' id='line_1_60' title="bbox 975 1595 1437 1636; baseline 0.002 -9"><span class='ocrx_word' id='word_1_197' title='bbox 975 1595 1005 1627; x_wconf 79' lang='lat' dir='ltr'>A</span> <span class='ocrx_word' id='word_1_198' title='bbox 1032 1595 1157 1628; x_wconf 86' lang='lat' dir='ltr'>Christo</span> <span class='ocrx_word' id='word_1_199' title='bbox 1182 1596 1255 1636; x_wconf 89' lang='lat' dir='ltr'>plus</span> <span class='ocrx_word' id='word_1_200' title='bbox 1283 1595 1437 1636; x_wconf 88' lang='lat' dir='ltr'>diligeris,</span> 
     </span>
     <span class='ocr_line' id='line_1_61' title="bbox 1025 1643 1417 1685; baseline 0.003 -9"><span class='ocrx_word' id='word_1_201' title='bbox 1025 1643 1187 1676; x_wconf 85' lang='lat' dir='ltr'>Johannes</span> <span class='ocrx_word' id='word_1_202' title='bbox 1211 1643 1417 1685; x_wconf 81' lang='lat' dir='ltr'>evangelista.</span> 
     </span>
    </p>
   </div>
   <div class='ocr_carea' id='block_1_18' title="bbox 290 1704 1279 1744">
    <p class='ocr_par' dir='ltr' id='par_1_30' title="bbox 290 1704 1279 1744">
     <span class='ocr_line' id='line_1_62' title="bbox 290 1704 1279 1744; baseline 0.005 -12"><span class='ocrx_word' id='word_1_203' title='bbox 290 1704 368 1732; x_wconf 86' lang='lat' dir='ltr'>Orat.</span> <span class='ocrx_word' id='word_1_204' title='bbox 390 1713 443 1733; x_wconf 85' lang='lat' dir='ltr'>ms.</span> <span class='ocrx_word' id='word_1_205' title='bbox 465 1713 539 1734; x_wconf 86' lang='lat' dir='ltr'>saec.</span> <span class='ocrx_word' id='word_1_206' title='bbox 562 1704 605 1734; x_wconf 83' lang='lat'>15.</span> <span class='ocrx_word' id='word_1_207' title='bbox 627 1707 695 1735; x_wconf 85' lang='lat' dir='ltr'>Cod.</span> <span class='ocrx_word' id='word_1_208' title='bbox 718 1707 843 1744; x_wconf 84' lang='lat' dir='ltr'>Collegii</span> <span class='ocrx_word' id='word_1_209' title='bbox 864 1707 915 1736; x_wconf 81' lang='lat' dir='ltr'>SS.</span> <span class='ocrx_word' id='word_1_210' title='bbox 939 1710 1046 1737; x_wconf 81' lang='lat' dir='ltr'>Trinit.</span> <span class='ocrx_word' id='word_1_211' title='bbox 1068 1709 1212 1737; x_wconf 78' lang='lat' dir='ltr'>Oxonien.</span> <span class='ocrx_word' id='word_1_212' title='bbox 1235 1707 1279 1738; x_wconf 81' lang='lat'>13.</span> 
     </span>
    </p>
   </div>
   <div class='ocr_carea' id='block_1_19' title="bbox 570 1818 1156 1861">
    <p class='ocr_par' dir='ltr' id='par_1_31' title="bbox 570 1818 1156 1861">
     <span class='ocr_line' id='line_1_63' title="bbox 570 1818 1156 1861; baseline 0.005 -12"><span class='ocrx_word' id='word_1_213' title='bbox 570 1818 629 1849; x_wconf 84' lang='lat'>189.</span> <span class='ocrx_word' id='word_1_214' title='bbox 666 1818 709 1850; x_wconf 86' lang='lat' dir='ltr'>Dc</span> <span class='ocrx_word' id='word_1_215' title='bbox 729 1828 752 1851; x_wconf 86' lang='lat' dir='ltr'>s.</span> <span class='ocrx_word' id='word_1_216' title='bbox 774 1819 915 1852; x_wconf 83' lang='lat' dir='ltr'>Johanne</span> <span class='ocrx_word' id='word_1_217' title='bbox 936 1820 1156 1861; x_wconf 83' lang='lat' dir='ltr'>Evangelista.</span> 
     </span>
    </p>
   </div>
   <div class='ocr_carea' id='block_1_20' title="bbox 241 1885 787 2455">
    <p class='ocr_par' dir='ltr' id='par_1_32' title="bbox 241 1885 787 2455">
     <span class='ocr_line' id='line_1_64' title="bbox 241 1885 697 1933; baseline 0.009 -16"><span class='ocrx_word' id='word_1_218' title='bbox 241 1910 248 1917; x_wconf 94' lang='lat'>.</span> <span class='ocrx_word' id='word_1_219' title='bbox 276 1885 511 1925; x_wconf 81' lang='lat' dir='ltr'>Contemplator</span> <span class='ocrx_word' id='word_1_220' title='bbox 535 1888 697 1933; x_wconf 86' lang='lat' dir='ltr'>trinitatis,</span> 
     </span>
     <span class='ocr_line' id='line_1_65' title="bbox 276 1932 670 1977; baseline 0.008 -12"><span class='ocrx_word' id='word_1_221' title='bbox 276 1932 444 1973; x_wconf 84' lang='lat' dir='ltr'>Speculum</span> <span class='ocrx_word' id='word_1_222' title='bbox 469 1935 670 1977; x_wconf 86' lang='lat' dir='ltr'>virginitatis,</span> 
     </span>
     <span class='ocr_line' id='line_1_66' title="bbox 322 1981 660 2024; baseline 0.009 -11"><span class='ocrx_word' id='word_1_223' title='bbox 322 1981 482 2014; x_wconf 83' lang='lat' dir='ltr'>Johannes</span> <span class='ocrx_word' id='word_1_224' title='bbox 507 1984 660 2024; x_wconf 89' lang='lat' dir='ltr'>apostole,</span> 
     </span>
     <span class='ocr_line' id='line_1_67' title="bbox 275 2029 749 2073; baseline 0.008 -13"><span class='ocrx_word' id='word_1_225' title='bbox 275 2029 410 2070; x_wconf 88' lang='lat' dir='ltr'>Protege</span> <span class='ocrx_word' id='word_1_226' title='bbox 433 2038 483 2061; x_wconf 90' lang='lat' dir='ltr'>me</span> <span class='ocrx_word' id='word_1_227' title='bbox 507 2031 749 2073; x_wconf 85' lang='lat' dir='ltr'>supplicantem,</span> 
     </span>
     <span class='ocr_line' id='line_1_68' title="bbox 277 2075 697 2122; baseline 0.01 -15"><span class='ocrx_word' id='word_1_228' title='bbox 277 2075 374 2109; x_wconf 88' lang='lat' dir='ltr'>Serva</span> <span class='ocrx_word' id='word_1_229' title='bbox 398 2076 458 2108; x_wconf 90' lang='lat' dir='ltr'>tibi</span> <span class='ocrx_word' id='word_1_230' title='bbox 481 2076 697 2122; x_wconf 85' lang='lat' dir='ltr'>famulantem,</span> 
     </span>
     <span class='ocr_line' id='line_1_69' title="bbox 324 2123 652 2168; baseline 0.009 -13"><span class='ocrx_word' id='word_1_231' title='bbox 324 2123 461 2156; x_wconf 82' lang='lat' dir='ltr'>Excelse</span> <span class='ocrx_word' id='word_1_232' title='bbox 486 2126 652 2168; x_wconf 88' lang='lat' dir='ltr'>coelicole;</span> 
     </span>
     <span class='ocr_line' id='line_1_70' title="bbox 276 2171 787 2217; baseline 0.012 -15"><span class='ocrx_word' id='word_1_233' title='bbox 276 2171 389 2204; x_wconf 85' lang='lat' dir='ltr'>Funde</span> <span class='ocrx_word' id='word_1_234' title='bbox 412 2181 533 2212; x_wconf 86' lang='lat' dir='ltr'>preces,</span> <span class='ocrx_word' id='word_1_235' title='bbox 558 2172 651 2206; x_wconf 89' lang='lat' dir='ltr'>flecte</span> <span class='ocrx_word' id='word_1_236' title='bbox 674 2175 787 2217; x_wconf 87' lang='lat' dir='ltr'>Deum,</span> 
     </span>
     <span class='ocr_line' id='line_1_71' title="bbox 280 2218 759 2265; baseline 0.008 -14"><span class='ocrx_word' id='word_1_237' title='bbox 280 2218 325 2251; x_wconf 89' lang='lat' dir='ltr'>Ut</span> <span class='ocrx_word' id='word_1_238' title='bbox 348 2220 487 2252; x_wconf 85' lang='lat' dir='ltr'>illustret</span> <span class='ocrx_word' id='word_1_239' title='bbox 510 2224 621 2261; x_wconf 89' lang='lat' dir='ltr'>pectus</span> <span class='ocrx_word' id='word_1_240' title='bbox 645 2232 759 2265; x_wconf 91' lang='lat' dir='ltr'>meum,</span> 
     </span>
     <span class='ocr_line' id='line_1_72' title="bbox 326 2267 716 2311; baseline 0.013 -13"><span class='ocrx_word' id='word_1_241' title='bbox 326 2267 378 2299; x_wconf 88' lang='lat' dir='ltr'>Ad</span> <span class='ocrx_word' id='word_1_242' title='bbox 402 2269 434 2298; x_wconf 87' lang='lat' dir='ltr'>te</span> <span class='ocrx_word' id='word_1_243' title='bbox 458 2271 594 2301; x_wconf 87' lang='lat' dir='ltr'>mentem</span> <span class='ocrx_word' id='word_1_244' title='bbox 619 2271 716 2311; x_wconf 81' lang='lat' dir='ltr'>erigo,</span> 
     </span>
     <span class='ocr_line' id='line_1_73' title="bbox 279 2313 732 2360; baseline 0.015 -15"><span class='ocrx_word' id='word_1_245' title='bbox 279 2313 325 2346; x_wconf 78' lang='lat' dir='ltr'>Ut</span> <span class='ocrx_word' id='word_1_246' title='bbox 348 2314 406 2346; x_wconf 89' lang='lat' dir='ltr'>sim</span> <span class='ocrx_word' id='word_1_247' title='bbox 430 2316 535 2348; x_wconf 86' lang='lat' dir='ltr'>salvus</span> <span class='ocrx_word' id='word_1_248' title='bbox 559 2319 613 2349; x_wconf 89' lang='lat' dir='ltr'>tuo</span> <span class='ocrx_word' id='word_1_249' title='bbox 640 2319 732 2360; x_wconf 90' lang='lat' dir='ltr'>dono,</span> 
     </span>
     <span class='ocr_line' id='line_1_74' title="bbox 281 2361 765 2408; baseline 0.017 -16"><span class='ocrx_word' id='word_1_250' title='bbox 281 2361 392 2394; x_wconf 88' lang='lat' dir='ltr'>Totam</span> <span class='ocrx_word' id='word_1_251' title='bbox 415 2362 448 2394; x_wconf 93' lang='lat' dir='ltr'>in</span> <span class='ocrx_word' id='word_1_252' title='bbox 470 2366 503 2395; x_wconf 87' lang='lat' dir='ltr'>te</span> <span class='ocrx_word' id='word_1_253' title='bbox 527 2373 615 2405; x_wconf 89' lang='lat' dir='ltr'>spem</span> <span class='ocrx_word' id='word_1_254' title='bbox 636 2375 765 2408; x_wconf 87' lang='lat' dir='ltr'>repono,</span> 
     </span>
     <span class='ocr_line' id='line_1_75' title="bbox 328 2409 679 2455; baseline 0.011 -14"><span class='ocrx_word' id='word_1_255' title='bbox 328 2409 374 2441; x_wconf 88' lang='lat' dir='ltr'>Tc</span> <span class='ocrx_word' id='word_1_256' title='bbox 397 2413 564 2450; x_wconf 84' lang='lat' dir='ltr'>patronum</span> <span class='ocrx_word' id='word_1_257' title='bbox 589 2413 679 2455; x_wconf 86' lang='lat' dir='ltr'>eligo.</span> 
     </span>
    </p>
   </div>
   <div class='ocr_carea' id='block_1_21' title="bbox 896 1890 1339 1930">
    <p class='ocr_par' dir='ltr' id='par_1_33' title="bbox 896 1890 1339 1930">
     <span class='ocr_line' id='line_1_76' title="bbox 896 1890 1339 1930; baseline 0.005 -7"><span class='ocrx_word' id='word_1_258' title='bbox 896 1892 929 1923; x_wconf 84' lang='lat'>2.</span> <span class='ocrx_word' id='word_1_259' title='bbox 956 1890 1053 1930; x_wconf 87' lang='lat' dir='ltr'>Virgo</span> <span class='ocrx_word' id='word_1_260' title='bbox 1079 1891 1141 1923; x_wconf 91' lang='lat' dir='ltr'>Dei</span> <span class='ocrx_word' id='word_1_261' title='bbox 1166 1901 1199 1925; x_wconf 90' lang='lat' dir='ltr'>es</span> <span class='ocrx_word' id='word_1_262' title='bbox 1220 1894 1339 1925; x_wconf 84' lang='lat' dir='ltr'>electus</span> 
     </span>
    </p>
   </div>
   <div class='ocr_carea' id='block_1_22' title="bbox 954 1938 1469 2456">
    <p class='ocr_par' dir='ltr' id='par_1_34' title="bbox 954 1938 1469 2456">
     <span class='ocr_line' id='line_1_77' title="bbox 954 1938 1415 1980; baseline 0.007 -10"><span class='ocrx_word' id='word_1_263' title='bbox 954 1938 1000 1970; x_wconf 88' lang='lat' dir='ltr'>Et</span> <span class='ocrx_word' id='word_1_264' title='bbox 1024 1948 1103 1979; x_wconf 84' lang='lat' dir='ltr'>prae</span> <span class='ocrx_word' id='word_1_265' title='bbox 1128 1941 1243 1973; x_wconf 88' lang='lat' dir='ltr'>ceteris</span> <span class='ocrx_word' id='word_1_266' title='bbox 1270 1941 1415 1980; x_wconf 88' lang='lat' dir='ltr'>dilectus,</span> 
     </span>
     <span class='ocr_line' id='line_1_78' title="bbox 1003 1986 1346 2031; baseline 0.006 -13"><span class='ocrx_word' id='word_1_267' title='bbox 1003 1986 1136 2020; x_wconf 85' lang='lat' dir='ltr'>Gemma</span> <span class='ocrx_word' id='word_1_268' title='bbox 1159 1989 1346 2031; x_wconf 84' lang='lat' dir='ltr'>pudicitiae,</span> 
     </span>
     <span class='ocr_line' id='line_1_79' title="bbox 956 2035 1396 2079; baseline 0.007 -13"><span class='ocrx_word' id='word_1_269' title='bbox 956 2035 1059 2075; x_wconf 84' lang='lat' dir='ltr'>Vagos</span> <span class='ocrx_word' id='word_1_270' title='bbox 1084 2037 1205 2077; x_wconf 86' lang='lat' dir='ltr'>stringe</span> <span class='ocrx_word' id='word_1_271' title='bbox 1231 2038 1396 2079; x_wconf 87' lang='lat' dir='ltr'>cogitatus,</span> 
     </span>
     <span class='ocr_line' id='line_1_80' title="bbox 958 2084 1464 2119; baseline 0.002 -2"><span class='ocrx_word' id='word_1_272' title='bbox 958 2084 1004 2117; x_wconf 90' lang='lat' dir='ltr'>Ut</span> <span class='ocrx_word' id='word_1_273' title='bbox 1028 2084 1071 2115; x_wconf 86' lang='lat' dir='ltr'>sit</span> <span class='ocrx_word' id='word_1_274' title='bbox 1094 2084 1201 2117; x_wconf 86' lang='lat' dir='ltr'>salvus</span> <span class='ocrx_word' id='word_1_275' title='bbox 1226 2085 1260 2118; x_wconf 90' lang='lat' dir='ltr'>in</span> <span class='ocrx_word' id='word_1_276' title='bbox 1284 2094 1337 2118; x_wconf 91' lang='lat' dir='ltr'>me</span> <span class='ocrx_word' id='word_1_277' title='bbox 1361 2088 1464 2119; x_wconf 88' lang='lat' dir='ltr'>status</span> 
     </span>
     <span class='ocr_line' id='line_1_81' title="bbox 1004 2131 1315 2175; baseline 0.013 -12"><span class='ocrx_word' id='word_1_278' title='bbox 1004 2131 1066 2163; x_wconf 91' lang='lat' dir='ltr'>Dei</span> <span class='ocrx_word' id='word_1_279' title='bbox 1092 2133 1315 2175; x_wconf 88' lang='lat' dir='ltr'>continentiae,</span> 
     </span>
     <span class='ocr_line' id='line_1_82' title="bbox 959 2178 1418 2224; baseline 0.009 -14"><span class='ocrx_word' id='word_1_280' title='bbox 959 2178 1076 2212; x_wconf 86' lang='lat' dir='ltr'>Sensus</span> <span class='ocrx_word' id='word_1_281' title='bbox 1099 2179 1193 2213; x_wconf 87' lang='lat' dir='ltr'>firma</span> <span class='ocrx_word' id='word_1_282' title='bbox 1216 2180 1418 2224; x_wconf 88' lang='lat' dir='ltr'>fluctuantes,</span> 
     </span>
     <span class='ocr_line' id='line_1_83' title="bbox 956 2226 1438 2273; baseline 0.01 -15"><span class='ocrx_word' id='word_1_283' title='bbox 956 2226 1075 2260; x_wconf 85' lang='lat' dir='ltr'>Hostes</span> <span class='ocrx_word' id='word_1_284' title='bbox 1100 2227 1176 2269; x_wconf 86' lang='lat' dir='ltr'>fuga</span> <span class='ocrx_word' id='word_1_285' title='bbox 1201 2229 1438 2273; x_wconf 85' lang='lat' dir='ltr'>conturbantes,</span> 
     </span>
     <span class='ocr_line' id='line_1_84' title="bbox 1007 2275 1362 2320; baseline 0.008 -13"><span class='ocrx_word' id='word_1_286' title='bbox 1007 2275 1159 2316; x_wconf 85' lang='lat' dir='ltr'>Reprime</span> <span class='ocrx_word' id='word_1_287' title='bbox 1184 2278 1362 2320; x_wconf 85' lang='lat' dir='ltr'>daemonia,</span> 
     </span>
     <span class='ocr_line' id='line_1_85' title="bbox 959 2322 1469 2368; baseline 0.012 -14"><span class='ocrx_word' id='word_1_288' title='bbox 959 2322 1062 2356; x_wconf 88' lang='lat' dir='ltr'>Doma</span> <span class='ocrx_word' id='word_1_289' title='bbox 1085 2328 1233 2368; x_wconf 86' lang='lat' dir='ltr'>mentem,</span> <span class='ocrx_word' id='word_1_290' title='bbox 1258 2327 1341 2359; x_wconf 87' lang='lat' dir='ltr'>iram</span> <span class='ocrx_word' id='word_1_291' title='bbox 1366 2326 1469 2367; x_wconf 85' lang='lat' dir='ltr'>frena,</span> 
     </span>
     <span class='ocr_line' id='line_1_86' title="bbox 962 2370 1454 2418; baseline 0.014 -16"><span class='ocrx_word' id='word_1_292' title='bbox 962 2370 1079 2403; x_wconf 81' lang='lat' dir='ltr'>Confer</span> <span class='ocrx_word' id='word_1_293' title='bbox 1103 2382 1225 2415; x_wconf 86' lang='lat' dir='ltr'>pacem,</span> <span class='ocrx_word' id='word_1_294' title='bbox 1252 2384 1307 2407; x_wconf 83' lang='lat' dir='ltr'>cor</span> <span class='ocrx_word' id='word_1_295' title='bbox 1331 2384 1454 2418; x_wconf 87' lang='lat' dir='ltr'>serena,</span> 
     </span>
     <span class='ocr_line' id='line_1_87' title="bbox 1008 2419 1351 2456; baseline 0.006 -2"><span class='ocrx_word' id='word_1_296' title='bbox 1008 2419 1111 2454; x_wconf 85' lang='lat' dir='ltr'>Aufer</span> <span class='ocrx_word' id='word_1_297' title='bbox 1136 2422 1351 2456; x_wconf 83' lang='lat' dir='ltr'>adversantia.</span> 
     </span>
    </p>
   </div>
  </div>
 </body>
</html>
