1653 2668
723 108 984 144 —240—

285 209 393 241 Habes
420 209 542 240 clausos
567 215 649 246 reos,
676 214 768 238 ausos

331 256 358 289 Τ
361 265 378 287 0
400 256 503 288 Deum
529 258 737 286 contemnere.

228 314 258 345 9.
286 313 335 345 Ibi
361 312 408 344 rei
429 313 520 352 jussu
544 311 605 343 Dei

200 511 242 543 10

202 710 243 743 11

200 910 244 942 12

200 1108 242 1141 13

197 1308 249 1339 14.

198 1507 239 1539 15

196 1706 237 1739 16

196 2002 237 2034 17

194 2202 236 2235 18

331 360 393 393 Pro
418 358 522 392 forma
546 359 730 397 sententiae,

282 407 416 448 Lugent,
433 407 545 448 rigent,
564 406 688 446 ardent,
706 404 826 446 frigent

328 454 373 487 Et
396 457 582 494 torquentur
606 454 754 493 undique.

246 537 253 543 .
280 511 330 543 lbi
353 513 465 549 metus,
490 510 537 543 ibi
558 508 659 550 fletus,

327 557 380 591 Ibi
402 559 521 590 stridor
548 558 689 590 dentium

281 606 331 638 lbi
355 614 484 646 poenae,
511 614 619 637 omnes
643 607 757 646 plenae

328 653 464 686 Vocibus
488 654 687 694 gementium.

250 736 252 741 .
281 711 345 742 Hic
370 710 494 742 dolores
518 710 655 742 acriores

325 757 408 790 Aliis
435 757 606 801 doloribus,

278 805 340 837 Hic
364 807 501 837 tortores
525 807 691 845 nequiores

326 852 408 885 Aliis
433 853 615 888 tortoribus,

249 934 253 940 .
279 910 366 941 Deus
386 918 484 951 meus,
510 918 566 950 ego
591 920 663 943 reus

326 957 399 989 Tibi
423 967 473 989 me
497 958 637 999 humilio,

279 1004 365 1036 Deus
390 1013 474 1045 vere,
499 1005 651 1038 miserere

324 1052 486 1092 Adoptivo
509 1051 585 1085 filio.

251 1135 256 1141 .
282 1108 423 1149 Supplex
448 1112 528 1152 tuus,
556 1118 665 1143 servus
690 1115 771 1153 tuus,

325 1157 410 1189 Deus
438 1157 689 1200 clementissime,

278 1204 325 1235 Te
346 1204 454 1243 adoro,
480 1208 513 1237 te
535 1205 682 1248 imploro,

324 1253 412 1284 Tuae
439 1253 554 1285 donum
578 1254 708 1293 gratiae.

276 1308 346 1340 Rex
367 1309 532 1353 coelorum,
560 1319 619 1351 me,
645 1312 819 1352 Anglorum

326 1356 454 1388 Dictum
477 1366 592 1398 regem,
619 1359 754 1400 suscipe,

278 1403 397 1444 Regem
420 1413 505 1446 rege,
531 1414 589 1438 sua
611 1406 683 1448 lege

322 1451 380 1492 Qui
401 1460 434 1483 se
459 1453 568 1493 nequit
591 1463 711 1494 regere.

246 1534 252 1542 .
278 1508 340 1540 Est
364 1518 506 1552 regnare,
532 1510 714 1544 ministrare

320 1556 400 1588 Toto
425 1557 484 1589 tibi
508 1558 623 1599 animo,

277 1603 415 1636 Obedire
440 1608 471 1636 et
495 1606 615 1638 servire

321 1652 387 1683 Tuo
412 1652 470 1684 sub
494 1653 637 1692 imperio.

242 1732 249 1738 .
276 1708 361 1740 Tuus
385 1709 476 1741 miles
502 1713 591 1742 actus
615 1712 694 1745 viles

325 1756 490 1789 Declinem
515 1761 743 1802 peccaminum,

273 1803 436 1837 lucentiva
458 1806 603 1838 rediviva

321 1852 529 1893 Exstinguam
553 1854 732 1897 libidinum,

271 1898 369 1932 Falsa
392 1900 477 1933 laeta
501 1907 652 1936 consueta

323 1947 469 1980 Devitem
495 1958 689 1985 excessuum.

242 2029 248 2035 .
276 2003 348 2036 Non
372 2014 507 2044 procuro
533 2008 629 2040 corde
652 2019 743 2051 puro,

320 2053 410 2093 Quod
434 2058 467 2085 te
490 2054 592 2087 Deum
620 2056 759 2099 diligam,

276 2098 485 2144 Parvipendo‚
512 2102 566 2134 vix
591 2105 732 2146 attend0,

323 2149 483 2187 Quomodo
508 2159 558 2182 me
581 2151 724 2186 habeam.

241 2227 247 2233 .
276 2203 379 2244 Hujus
405 2205 484 2238 lucis
505 2208 539 2240 in
565 2209 693 2243 caducis

320 2252 428 2284 Rebus
452 2255 546 2287 nimis
568 2257 697 2299 glorior,

300 2299 476 2339 Inpeccatis
499 2312 597 2343 supra
620 2307 697 2339 satis

323 2348 497 2382 Immorans
521 2351 691 2388 immorior.

887 206 940 241 19.
966 206 1127 239 Aberravi
1152 209 1185 237 et
1207 206 1349 246 peccavi,

883 407 937 439 20.

882 606 936 640 21.

880 808 934 839 22.

879 1008 932 1040 23.

878 1208 933 1240 2—1.

877 1505 931 1536 25.

874 1706 929 1738 26.

875 2002 931 2034 27.

876 2204 932 2236 28.

1013 253 1133 286 Fateor
1157 261 1217 293 me,
1245 253 1389 295 Domine,

965 302 1101 334 Temera
1123 302 1154 333 vi
1179 301 1297 334 violavi

1011 348 1091 381 Jura
1116 348 1329 382 castimoniae.

962 407 1148 447 Patuerunt,
1173 408 1367 447 putruerunt,

1013 454 1184 487 Cicatrices
1210 453 1386 495 criminum,

962 501 1143 544 Aestimati,
1170 501 1300 534 similati

1010 549 1047 582 In
1072 549 1176 581 lacum
1203 549 1474 583 descendentium.

963 607 1159 647 Honestatis,
1187 607 1343 639 castitatis

1009 653 1127 694 Legem
1152 653 1234 695 fregi
1259 655 1368 694 tutius,

961 702 1023 734 Est
1047 702 1152 741 sopita
1176 710 1247 734 mea
1272 703 1339 734 vita

1007 749 1047 782 In
1072 750 1164 782 malis
1192 750 1320 784 diutius.

961 807 1017 839 Me
1040 807 1238 840 immundum
1254 816 1316 839 non
1335 808 1509 840 secundum

1012 855 1149 888 Peccata
1175 859 1341 898 corripias,

962 902 1022 942 Qui
1047 903 1147 935 elatos
1171 903 1355 936 vulneratos

1008 949 1076 982 Hos
1103 954 1135 982 et
1158 951 1216 983 hos
1241 951 1400 991 humilias,

960 1007 1023 1039 Sed
1050 1011 1194 1040 correcto
1221 1012 1254 1040 et
1278 1010 1424 1048 respecto

1007 1054 1086 1095 Tua,
1109 1055 1208 1095 Deus,
1235 1056 1339 1096 gratia

958 1102 1005 1134 Tc
1029 1103 1163 1135 laudare
1189 1106 1221 1134 et
1245 1113 1352 1136 amare

1007 1150 1058 1184 Da
1081 1151 1157 1182 1111111
1185 1151 1344 1184 coelestia.

958 1208 1155 1251 Emundare,
1181 1209 1360 1250 emendare,

1004 1257 1091 1297 Quae
1116 1256 1258 1288 commisi
1282 1257 1398 1297 omnia,

960 1303 1056 1344 Spem
1081 1304 1204 1343 salutis,
1230 1313 1299 1336 rem
1324 1305 1464 1346 virtutis,

1006 1351 1100 1385 Vitae
1125 1352 1349 1393 innocentiam,

960 1398 1135 1440 Castitatis,
1160 1400 1312 1439 puritatis

1005 1447 1098 1479 Dona
1121 1447 1200 1479 mihi
1224 1449 1369 1488 gratiam.

959 1504 1037 1537 Cum
1061 1506 1096 1536 111
1120 1505 1170 1537 ira
1193 1508 1300 1537 mente
1327 1506 1399 1538 dira

1004 1552 1168 1585 Interdum
1194 1552 1340 1594 efferveo,

957 1601 1045 1633 Deus
1071 1609 1152 1644 care,
1178 1601 1348 1634 moderare

1004 1649 1042 1680 In
1064 1657 1126 1688 me,
1151 1649 1236 1689 quod
1260 1659 1324 1682 non
1349 1650 1451 1684 valeo.

956 1705 1025 1737 Nec
1049 1706 1092 1737 sit
1117 1714 1193 1739 cura
1217 1707 1305 1748 mihi,
1329 1709 1403 1747 jura

1005 1753 1199 1794 Cuicumque
1222 1755 1336 1787 tollere

955 1801 1014 1833 Vel
1040 1810 1169 1834 suorum
1193 1802 1370 1836 vicinorum

1003 1849 1170 1882 Terminos
1196 1851 1362 1895 revellere,

957 1897 1049 1929 Licet
1073 1906 1180 1938 censu⁷
1205 1899 1314 1940 armis,
1339 1908 1436 1932 sensu

1008 1945 1126 1984 Queam
1150 1946 1208 1979 hos
1235 1946 1415 1981 devincere.

957 2002 995 2035 In
1019 2003 1202 2045 Bragmani,
1228 2004 1260 2036 in
1285 2005 1403 2046 pagani

1005 2051 1102 2090 Regis
1128 2055 1178 2083 est
1201 2052 1345 2092 apicibus

963 2098 1053 2139 Quod
1079 2098 1241 2140 habemus,
1267 2101 1479 2144 possidemus,

1003 2147 1214 2188 Quaecunque
1239 2158 1303 2181 non
1330 2150 1482 2190 cupimus

958 2204 1064 2237 Urbes
1090 2205 1173 2246 illas,
1202 2209 1318 2248 castra,
1345 2207 1449 2251 villas,

1006 2251 1079 2284 Nisi
1104 2253 1193 2293 prius
1217 2255 1352 2296 cupiam,

960 2299 1034 2332 Non
1058 2300 1172 2334 abesse
1196 2303 1245 2334 vel
1273 2304 1384 2336 deesse

1009 2348 1076 2381 Eas
1100 2350 1178 2382 mihi
1204 2351 1349 2385 sentiam.
