1653 2668
730 151 774 156 —-
825 129 989 164 116—

211 233 242 265 3.
267 229 364 270 Eece,
388 232 496 270 stupet
517 228 706 268 humanitas,

203 1049 220 1080 ct(

312 278 402 320 Quod
426 278 469 309 sis
494 277 581 317 virgo
605 283 773 317 puerpera,

266 326 355 359 Scire
379 325 487 365 nequit
511 323 666 363 fragilitas

312 375 433 406 Tantae
456 372 582 404 virtutis
607 378 713 412 opera,

263 422 360 454 Fides
385 420 609 452 transcendens
635 426 732 457 opera

312 466 483 501 Confitetur
509 470 539 498 et
563 465 691 505 veritas,

261 517 310 549 Ex
336 520 377 554 te,
402 517 504 546 mater
530 511 726 551 Christifera‚

310 564 442 596 Carnem
467 561 599 602 sumpsit
627 560 791 593 divinitas,

262 637 363 673 Mater
386 640 503 676 natum,
530 639 651 678 patrem
678 639 763 678 nata,

309 686 409 718 Stella
433 686 530 718 solem
555 684 700 726 genuisti,

263 734 443 766 Creatorem
467 742 518 765 res
545 734 661 773 creata,

308 781 441 813 Fontem
465 781 551 813 rivus
578 780 718 812 emisisti.

259 829 321 860 Vas
345 827 474 868 figulum
498 827 661 868 peperisti,

306 877 402 916 Virgo
426 885 556 908 manens
580 875 718 915 illibata,

259 925 322 957 Per
345 926 378 954 te
401 924 502 965 nobis,
531 925 633 955 mater
660 923 787 963 Christi,

305 972 367 1004 Est
387 971 516 1010 perdita
540 972 607 1004 vita
632 971 715 1004 data.

226 1072 232 1079 .
258 1045 445 1081 Almissima
469 1050 543 1079 sunt
565 1047 699 1088 viscera,

303 1096 389 1135 Quae
412 1095 541 1127 Domini
566 1097 640 1127 sunt
664 1095 823 1137 conclave,

260 1142 464 1175 Sanctissima
487 1146 561 1175 sunt
584 1142 692 1186 ubera,

308 1191 394 1230 Quae
419 1191 512 1231 suxit,
540 1193 572 1222 et
595 1190 646 1221 lac
668 1199 773 1233 suave,

260 1238 325 1277 Quo
350 1238 503 1280 lactatur3
528 1241 640 1279 mater,
667 1247 736 1278 ave,

305 1289 390 1325 Quae
414 1294 527 1326 regnas
552 1294 648 1326 super
672 1286 789 1325 sidera,

258 1334 437 1374 Perpetuae
458 1335 570 1366 mortis
595 1343 615 1365 a
638 1342 698 1366 vae

305 1381 372 1414 Nos
399 1384 429 1412 et
454 1391 473 1413 a
495 1383 598 1414 morte
621 1382 735 1414 libera.

227 1486 233 1492 .
260 1456 348 1492 Rosa
374 1458 498 1499 decens,
525 1468 599 1491 rosa
622 1459 751 1500 munda,

306 1507 391 1539 Rosa
415 1515 524 1538 reeens
549 1506 618 1539 sine
642 1507 745 1546 spina,

258 1554 345 1587 Rosa
367 1552 486 1586 florens
509 1557 543 1586 et,
564 1552 712 1595 fecunda,

306 1602 402 1641 Rosa,
429 1603 531 1642 gratia
556 1602 664 1635 divina

260 1650 361 1682 Facta
386 1650 541 1681 coelorum
566 1650 684 1689 regina,

306 1697 379 1730 Non
405 1699 453 1728 est
476 1706 535 1729 nec
560 1698 622 1729 erit
645 1698 786 1730 secunda

260 1745 347 1785 Tibi;
372 1745 435 1776 reis
459 1746 627 1785 medicina,

309 1792 433 1825 Nostris
464 1794 583 1833 coeptis
609 1793 800 1826 obsecunda.

228 1895 234 1902 .
260 1866 299 1902 In
324 1869 490 1909 seripturis
516 1869 651 1911 figurata

307 1917 419 1949 Multis
441 1917 521 1949 loeis
546 1918 734 1961 ostenderis,

259 1964 499 2006 Aenigmatibus
523 1968 708 2005 monstrata,

309 2013 415 2045 Sacris
439 2016 475 2044 ut,
498 2015 589 2053 patet
610 2013 714 2046 literis

263 2061 535 2093 Testamentorum
557 2061 675 2094 veteris

309 2108 353 2140 Et
375 2109 467 2149 novi;
491 2109 564 2148 jure
587 2110 734 2148 praelata

261 2155 450 2188 Mulieribus
477 2158 601 2197 ceteris,

308 2203 410 2245 Super
436 2213 543 2236 omnes
570 2204 701 2237 elevata.

206 2272 238 2304 8.
263 2268 350 2304 Ante
374 2271 485 2303 mundi
509 2271 662 2313 originem

312 2319 358 2351 Te
382 2318 536 2353 Dominus
562 2319 732 2362 ordinavit,

267 2366 354 2399 Coeli
379 2367 453 2399 dnm
476 2367 678 2400 latitudinem

313 2414 480 2454 Sapienter
503 2415 691 2457 fabricavit3

881 855 935 888 10.

882 1267 935 1299 11.

882 1680 937 1714 12.

886 2081 942 2114 13.

967 226 1019 258 Ex
1043 225 1122 255 tune
1145 225 1253 255 mente
1277 222 1388 253 saneta
1411 217 1497 250 eavit

1016 272 1080 304 Per
1104 273 1137 302 te
1156 273 1291 303 matrem
1309 271 1341 300 et
1357 266 1513 307 virginem

967 318 1175 360 Protoplasti,
1202 326 1262 359 quo
1287 315 1443 357 peccavit,

1013 365 1157 406 Expiare
1181 365 1374 406 voraginem.

934 470 941 477 .
967 441 1092 486 (laude,
1116 444 1207 483 virgo
1232 444 1345 480 mater,
1371 439 1486 481 gaude,

1015 491 1079 523 Per
1097 493 1130 522 te
1146 489 1283 522 mundns
1300 489 1511 526 restauratur,

966 539 1046 572 Cum
1072 538 1193 571 civibus
1220 537 1300 569 coeli
1325 536 1454 576 plaude,

1013 586 1133 625 Quibus
1158 586 1260 618 honor
1285 584 1345 615 tibi
1369 584 1473 620 datur,

964 634 1070 666 Decus
1096 634 1210 665 decens
1236 632 1420 664 exsolvatur

1013 681 1097 721 Tibi,
1124 682 1227 720 majus
1253 680 1338 711 omni
1362 680 1470 719 laude,

963 729 1044 769 Quia
1067 738 1126 769 per
1148 731 1182 760 te
1205 727 1362 760 liberatur

1012 777 1120 810 Omnis
1145 777 1239 809 homo
1264 776 1350 808 vieta
1373 774 1496 807 fraude.

960 852 1083 895 Rigans
1108 855 1261 886 mundum
1285 862 1367 885 novo
1392 860 1475 892 rore,

1008 902 1121 934 Novae
1144 903 1245 942 prolis
1270 901 1413 933 novitate

965 951 1058 983 Nova
1081 949 1162 983 facis
1185 958 1266 982 novo
1292 958 1381 981 more

1012 997 1142 1041 Cuncta,
1169 999 1252 1030 mira
1277 997 1425 1029 claritate

960 1047 1012 1079 Ex
1039 1046 1147 1078 divina
1170 1045 1325 1086 bonitate,

1008 1093 1095 1126 Fons
1120 1093 1297 1127 ascendens
1318 1093 1351 1124 in
1376 1093 1506 1134 honore,

962 1143 1083 1182 Riguus
1107 1145 1227 1174 terram
1252 1141 1397 1180 caritate,

1010 1189 1073 1222 Dei
1099 1198 1245 1222 crescens
1269 1190 1303 1220 in
1327 1197 1445 1221 amore.

961 1265 1071 1301 Arbor
1096 1270 1129 1298 et
1152 1268 1270 1308 lignum
1298 1266 1405 1306 vitale,

1010 1315 1047 1348 In
1073 1316 1217 1355 paradisi
1240 1314 1347 1346 medio

963 1364 1123 1396 Plantaris
1149 1362 1327 1405 spirituale,

1013 1410 1108 1450 Cujus
1133 1409 1257 1443 fruetus
1281 1409 1395 1443 fruitio

961 1459 1077 1499 Replet
1103 1460 1209 1491 omnia
1233 1459 1360 1499 gaudio,

1011 1506 1182 1547 Nunquam
1206 1506 1269 1539 fuit
1291 1515 1351 1538 nec
1369 1509 1415 1538 est
1433 1506 1508 1546 tale,

964 1555 1036 1587 Nee
1059 1555 1123 1587 erit
1145 1556 1215 1587 sine
1240 1554 1338 1587 dnbio

1013 1602 1148 1643 Lignum
1172 1603 1219 1636 ita
1242 1603 1447 1636 commodale.

965 1677 1060 1714 Casta
1082 1679 1183 1720 virgo,
1211 1682 1243 1712 te
1266 1677 1381 1712 fluvius

1011 1727 1192 1767 Voluptatis
1220 1728 1368 1768 irrigavit

963 1775 1123 1815 Famem,
1150 1776 1225 1807 <inm
1248 1774 1335 1808 filius

1013 1822 1076 1856 Dei
1101 1832 1216 1863 eorpus
1241 1823 1401 1857 habitavit

965 1871 1085 1912 Tuum3
1111 1874 1200 1904 terra
1223 1875 1300 1904 tunc
1326 1873 1457 1906 donavit

1012 1918 1132 1951 Nostra
1156 1918 1296 1952 fructum
1320 1921 1461 1962 uberius,

965 1967 1010 1999 Et
1032 1969 1179 1999 naturam
1204 1967 1394 2002 reformavit

1012 2013 1167 2047 Nostram
1189 2016 1278 2048 Deus
1303 2016 1337 2049 in
1360 2017 1483 2052 melius

967 2078 1007 2114 In
1031 2082 1217 2121 paradisum
1242 2085 1351 2123 posuit

1014 2128 1101 2162 Deus
1126 2131 1285 2164 hominem
1308 2131 1421 2174 filium,

968 2177 1066 2210 Suum
1092 2180 1256 2212 custodem
1278 2180 1403 2222 tribuit,

1014 2225 1116 2258 Tuum
1144 2236 1257 2268 eorpus
1283 2230 1453 2270 egregium.

969 2273 1031 2306 Per
1057 2274 1240 2308 Gabrielem
1265 2278 1411 2309 nuntium

1015 2321 1100 2354 Dum
1124 2322 1256 2356 visitare
1279 2325 1391 2366 voluit,

969 2369 1218 2411 Redemptorem
1243 2372 1392 2405 eximium

1015 2417 1117 2450 Nobis
1144 2428 1213 2451 eum
1237 2420 1392 2454 exhibuit.
