<?xml version="1.0" encoding="UTF-8"?>
<!DOCTYPE html PUBLIC "-//W3C//DTD XHTML 1.0 Transitional//EN"
    "http://www.w3.org/TR/xhtml1/DTD/xhtml1-transitional.dtd">
<html xmlns="http://www.w3.org/1999/xhtml" xml:lang="en" lang="en">
 <head>
  <title>
</title>
<meta http-equiv="Content-Type" content="text/html;charset=utf-8" />
  <meta name='ocr-system' content='tesseract 3.04.00' />
  <meta name='ocr-capabilities' content='ocr_page ocr_carea ocr_par ocr_line ocrx_word'/>
</head>
<body>
  <div class='ocr_page' id='page_1' title='image "./analectahymnica15drevuoft_00245.png"; bbox 0 0 1653 2668; ppageno 0'>
   <div class='ocr_carea' id='block_1_1' title="bbox 701 106 960 142">
    <p class='ocr_par' dir='ltr' id='par_1_1' title="bbox 701 106 960 142">
     <span class='ocr_line' id='line_1_1' title="bbox 701 106 960 142; baseline -0.004 0"><span class='ocrx_word' id='word_1_1' title='bbox 701 106 960 142; x_wconf 75' lang='lat'>—242-—</span> 
     </span>
    </p>
   </div>
   <div class='ocr_carea' id='block_1_2' title="bbox 182 208 735 479">
    <p class='ocr_par' dir='ltr' id='par_1_2' title="bbox 182 208 735 479">
     <span class='ocr_line' id='line_1_2' title="bbox 182 208 702 250; baseline -0.013 -7"><span class='ocrx_word' id='word_1_2' title='bbox 182 211 213 243; x_wconf 86' lang='lat'>3.</span> <span class='ocrx_word' id='word_1_3' title='bbox 239 209 359 250; x_wconf 78' lang='lat' dir='ltr'>Tuque,</span> <span class='ocrx_word' id='word_1_4' title='bbox 385 208 517 249; x_wconf 81' lang='lat' dir='ltr'>spiritus</span> <span class='ocrx_word' id='word_1_5' title='bbox 542 216 560 239; x_wconf 93' lang='lat'>0</span> <span class='ocrx_word' id='word_1_6' title='bbox 584 209 702 245; x_wconf 86' lang='lat' dir='ltr'>sancte,</span> 
     </span>
     <span class='ocr_line' id='line_1_3' title="bbox 290 254 600 297; baseline -0.016 -8"><span class='ocrx_word' id='word_1_7' title='bbox 290 257 345 297; x_wconf 88' lang='lat' dir='ltr'>pie</span> <span class='ocrx_word' id='word_1_8' title='bbox 368 257 411 288; x_wconf 92' lang='lat' dir='ltr'>mi</span> <span class='ocrx_word' id='word_1_9' title='bbox 435 254 600 295; x_wconf 80' lang='lat' dir='ltr'>paraclite,</span> 
     </span>
     <span class='ocr_line' id='line_1_4' title="bbox 247 300 637 344; baseline -0.01 -8"><span class='ocrx_word' id='word_1_10' title='bbox 247 304 308 343; x_wconf 72' lang='lat' dir='ltr'>Qui</span> <span class='ocrx_word' id='word_1_11' title='bbox 331 312 371 336; x_wconf 78' lang='lat' dir='ltr'>ex</span> <span class='ocrx_word' id='word_1_12' title='bbox 394 306 487 344; x_wconf 77' lang='lat' dir='ltr'>patre</span> <span class='ocrx_word' id='word_1_13' title='bbox 509 300 637 341; x_wconf 84' lang='lat' dir='ltr'>filioque</span> 
     </span>
     <span class='ocr_line' id='line_1_5' title="bbox 286 348 593 392; baseline -0.016 -8"><span class='ocrx_word' id='word_1_14' title='bbox 286 351 434 391; x_wconf 83' lang='lat' dir='ltr'><strong>procedis</strong></span> <span class='ocrx_word' id='word_1_15' title='bbox 458 348 593 392; x_wconf 81' lang='lat' dir='ltr'>assidue,</span> 
     </span>
     <span class='ocr_line' id='line_1_6' title="bbox 243 397 671 433; baseline -0.014 -1"><span class='ocrx_word' id='word_1_16' title='bbox 243 399 300 433; x_wconf 77' lang='lat' dir='ltr'>Me</span> <span class='ocrx_word' id='word_1_17' title='bbox 322 402 377 430; x_wconf 78' lang='lat' dir='ltr'>tuo</span> <span class='ocrx_word' id='word_1_18' title='bbox 399 397 558 430; x_wconf 82' lang='lat' dir='ltr'>misellum</span> <span class='ocrx_word' id='word_1_19' title='bbox 581 404 671 428; x_wconf 84' lang='lat' dir='ltr'>more</span> 
     </span>
     <span class='ocr_line' id='line_1_7' title="bbox 289 445 735 479; baseline -0.004 -1"><span class='ocrx_word' id='word_1_20' title='bbox 289 445 538 479; x_wconf 77' lang='lat' dir='ltr'>conturbandum</span> <span class='ocrx_word' id='word_1_21' title='bbox 565 451 735 476; x_wconf 78' lang='lat' dir='ltr'>commove.</span> 
     </span>
    </p>
   </div>
   <div class='ocr_carea' id='block_1_3' title="bbox 183 531 722 810">
    <p class='ocr_par' dir='ltr' id='par_1_3' title="bbox 183 531 722 810">
     <span class='ocr_line' id='line_1_8' title="bbox 183 531 722 573; baseline -0.011 -7"><span class='ocrx_word' id='word_1_22' title='bbox 183 534 213 566; x_wconf 86' lang='lat'>4.</span> <span class='ocrx_word' id='word_1_23' title='bbox 239 531 323 565; x_wconf 86' lang='lat' dir='ltr'>Novi</span> <span class='ocrx_word' id='word_1_24' title='bbox 343 539 488 573; x_wconf 80' lang='lat' dir='ltr'>namque,</span> <span class='ocrx_word' id='word_1_25' title='bbox 515 538 566 561; x_wconf 89' lang='lat' dir='ltr'>me</span> <span class='ocrx_word' id='word_1_26' title='bbox 589 537 722 569; x_wconf 81' lang='lat' dir='ltr'><strong>pecasse</strong></span> 
     </span>
     <span class='ocr_line' id='line_1_9' title="bbox 289 576 670 618; baseline -0.008 -7"><span class='ocrx_word' id='word_1_27' title='bbox 289 588 394 611; x_wconf 86' lang='lat' dir='ltr'>coram</span> <span class='ocrx_word' id='word_1_28' title='bbox 418 581 451 610; x_wconf 82' lang='lat' dir='ltr'>te</span> <span class='ocrx_word' id='word_1_29' title='bbox 475 576 670 618; x_wconf 82' lang='lat' dir='ltr'>gravissime,</span> 
     </span>
     <span class='ocr_line' id='line_1_10' title="bbox 237 625 608 667; baseline -0.008 -8"><span class='ocrx_word' id='word_1_30' title='bbox 237 627 327 660; x_wconf 78' lang='lat' dir='ltr'>Sicut</span> <span class='ocrx_word' id='word_1_31' title='bbox 349 626 410 667; x_wconf 87' lang='lat' dir='ltr'>die,</span> <span class='ocrx_word' id='word_1_32' title='bbox 435 625 482 656; x_wconf 83' lang='lat' dir='ltr'>ita</span> <span class='ocrx_word' id='word_1_33' title='bbox 506 627 608 666; x_wconf 87' lang='lat' dir='ltr'>nocte,</span> 
     </span>
     <span class='ocr_line' id='line_1_11' title="bbox 290 674 620 713; baseline -0.009 -7"><span class='ocrx_word' id='word_1_34' title='bbox 290 674 396 713; x_wconf 88' lang='lat' dir='ltr'>corde,</span> <span class='ocrx_word' id='word_1_35' title='bbox 422 681 487 713; x_wconf 88' lang='lat' dir='ltr'>ore,</span> <span class='ocrx_word' id='word_1_36' title='bbox 513 679 620 712; x_wconf 87' lang='lat' dir='ltr'>opere,</span> 
     </span>
     <span class='ocr_line' id='line_1_12' title="bbox 243 719 671 760; baseline -0.012 -5"><span class='ocrx_word' id='word_1_37' title='bbox 243 721 403 756; x_wconf 78' lang='lat' dir='ltr'>Laboravi</span> <span class='ocrx_word' id='word_1_38' title='bbox 425 728 552 760; x_wconf 86' lang='lat' dir='ltr'>semper</span> <span class='ocrx_word' id='word_1_39' title='bbox 576 719 671 752; x_wconf 79' lang='lat' dir='ltr'>valde</span> 
     </span>
     <span class='ocr_line' id='line_1_13' title="bbox 288 766 649 810; baseline -0.008 -9"><span class='ocrx_word' id='word_1_40' title='bbox 288 771 330 810; x_wconf 86' lang='lat' dir='ltr'>te,</span> <span class='ocrx_word' id='word_1_41' title='bbox 355 768 453 808; x_wconf 85' lang='lat' dir='ltr'>Deus,</span> <span class='ocrx_word' id='word_1_42' title='bbox 480 766 649 800; x_wconf 86' lang='lat' dir='ltr'>offendere.</span> 
     </span>
    </p>
   </div>
   <div class='ocr_carea' id='block_1_4' title="bbox 185 852 765 1123">
    <p class='ocr_par' dir='ltr' id='par_1_4' title="bbox 185 852 765 1123">
     <span class='ocr_line' id='line_1_14' title="bbox 185 852 698 895; baseline -0.012 -6"><span class='ocrx_word' id='word_1_43' title='bbox 185 857 216 889; x_wconf 88' lang='lat'>5.</span> <span class='ocrx_word' id='word_1_44' title='bbox 241 854 410 894; x_wconf 81' lang='lat' dir='ltr'>Laboravi,</span> <span class='ocrx_word' id='word_1_45' title='bbox 436 853 576 895; x_wconf 77' lang='lat' dir='ltr'>inquam,</span> <span class='ocrx_word' id='word_1_46' title='bbox 602 852 698 884; x_wconf 81' lang='lat' dir='ltr'>valde</span> 
     </span>
     <span class='ocr_line' id='line_1_15' title="bbox 288 898 629 941; baseline -0.006 -8"><span class='ocrx_word' id='word_1_47' title='bbox 288 902 383 941; x_wconf 67' lang='lat' dir='ltr'>plura</span> <span class='ocrx_word' id='word_1_48' title='bbox 404 901 490 933; x_wconf 76' lang='lat' dir='ltr'>mala</span> <span class='ocrx_word' id='word_1_49' title='bbox 512 898 629 938; x_wconf 76' lang='lat' dir='ltr'>facere,</span> 
     </span>
     <span class='ocr_line' id='line_1_16' title="bbox 243 946 765 990; baseline -0.008 -9"><span class='ocrx_word' id='word_1_50' title='bbox 243 951 341 990; x_wconf 77' lang='lat' dir='ltr'>Quam</span> <span class='ocrx_word' id='word_1_51' title='bbox 365 948 429 980; x_wconf 88' lang='lat' dir='ltr'>sint</span> <span class='ocrx_word' id='word_1_52' title='bbox 454 948 595 980; x_wconf 86' lang='lat' dir='ltr'>homines</span> <span class='ocrx_word' id='word_1_53' title='bbox 619 947 653 978; x_wconf 87' lang='lat' dir='ltr'>in</span> <span class='ocrx_word' id='word_1_54' title='bbox 678 946 765 987; x_wconf 86' lang='lat' dir='ltr'>orbe,</span> 
     </span>
     <span class='ocr_line' id='line_1_17' title="bbox 290 995 703 1036; baseline -0.01 -7"><span class='ocrx_word' id='word_1_55' title='bbox 290 1005 383 1036; x_wconf 81' lang='lat' dir='ltr'>quam</span> <span class='ocrx_word' id='word_1_56' title='bbox 408 998 496 1028; x_wconf 77' lang='lat' dir='ltr'>astra</span> <span class='ocrx_word' id='word_1_57' title='bbox 518 995 551 1026; x_wconf 85' lang='lat' dir='ltr'>in</span> <span class='ocrx_word' id='word_1_58' title='bbox 575 995 703 1027; x_wconf 70' lang='lat' dir='ltr'>aethere</span> 
     </span>
     <span class='ocr_line' id='line_1_18' title="bbox 243 1043 761 1084; baseline -0.006 -9"><span class='ocrx_word' id='word_1_59' title='bbox 243 1043 301 1076; x_wconf 89' lang='lat' dir='ltr'>Vel</span> <span class='ocrx_word' id='word_1_60' title='bbox 327 1046 402 1084; x_wconf 81' lang='lat' dir='ltr'>quot</span> <span class='ocrx_word' id='word_1_61' title='bbox 425 1043 529 1084; x_wconf 81' lang='lat' dir='ltr'>pisces</span> <span class='ocrx_word' id='word_1_62' title='bbox 553 1043 639 1075; x_wconf 77' lang='lat' dir='ltr'>intra</span> <span class='ocrx_word' id='word_1_63' title='bbox 664 1050 761 1080; x_wconf 83' lang='lat' dir='ltr'>mare,</span> 
     </span>
     <span class='ocr_line' id='line_1_19' title="bbox 290 1091 585 1123; baseline -0.003 0"><span class='ocrx_word' id='word_1_64' title='bbox 290 1092 400 1123; x_wconf 82' lang='lat' dir='ltr'><strong>Arena</strong></span> <span class='ocrx_word' id='word_1_65' title='bbox 422 1092 456 1123; x_wconf 92' lang='lat' dir='ltr'>in</span> <span class='ocrx_word' id='word_1_66' title='bbox 481 1091 585 1123; x_wconf 90' lang='lat' dir='ltr'>litore.</span> 
     </span>
    </p>
   </div>
   <div class='ocr_carea' id='block_1_5' title="bbox 188 1176 686 1215">
    <p class='ocr_par' dir='ltr' id='par_1_5' title="bbox 188 1176 686 1215">
     <span class='ocr_line' id='line_1_20' title="bbox 188 1176 686 1215; baseline -0.008 -5"><span class='ocrx_word' id='word_1_67' title='bbox 188 1178 220 1210; x_wconf 91' lang='lat'>6.</span> <span class='ocrx_word' id='word_1_68' title='bbox 247 1176 328 1209; x_wconf 92' lang='lat' dir='ltr'>Volo</span> <span class='ocrx_word' id='word_1_69' title='bbox 352 1177 438 1209; x_wconf 83' lang='lat' dir='ltr'>unde</span> <span class='ocrx_word' id='word_1_70' title='bbox 460 1183 545 1208; x_wconf 87' lang='lat' dir='ltr'>nunc</span> <span class='ocrx_word' id='word_1_71' title='bbox 568 1176 686 1215; x_wconf 83' lang='lat' dir='ltr'>lugere,</span> 
     </span>
    </p>
   </div>
   <div class='ocr_carea' id='block_1_6' title="bbox 294 1222 771 1265">
    <p class='ocr_par' dir='ltr' id='par_1_6' title="bbox 294 1222 771 1265">
     <span class='ocr_line' id='line_1_21' title="bbox 294 1222 771 1265; baseline -0.004 -9"><span class='ocrx_word' id='word_1_72' title='bbox 294 1225 351 1257; x_wconf 91' lang='lat' dir='ltr'>sed</span> <span class='ocrx_word' id='word_1_73' title='bbox 375 1233 438 1256; x_wconf 89' lang='lat' dir='ltr'>non</span> <span class='ocrx_word' id='word_1_74' title='bbox 462 1232 600 1265; x_wconf 87' lang='lat' dir='ltr'>possum,</span> <span class='ocrx_word' id='word_1_75' title='bbox 626 1222 771 1265; x_wconf 78' lang='lat' dir='ltr'>Domine,</span> 
     </span>
    </p>
   </div>
   <div class='ocr_carea' id='block_1_7' title="bbox 247 1271 657 1312">
    <p class='ocr_par' dir='ltr' id='par_1_7' title="bbox 247 1271 657 1312">
     <span class='ocr_line' id='line_1_22' title="bbox 247 1271 657 1312; baseline -0.007 -8"><span class='ocrx_word' id='word_1_76' title='bbox 247 1271 323 1304; x_wconf 84' lang='lat' dir='ltr'>Sine</span> <span class='ocrx_word' id='word_1_77' title='bbox 346 1274 378 1304; x_wconf 85' lang='lat' dir='ltr'>te</span> <span class='ocrx_word' id='word_1_78' title='bbox 403 1271 489 1312; x_wconf 88' lang='lat' dir='ltr'>quivi</span> <span class='ocrx_word' id='word_1_79' title='bbox 512 1279 657 1311; x_wconf 80' lang='lat' dir='ltr'>peccare,</span> 
     </span>
    </p>
   </div>
   <div class='ocr_carea' id='block_1_8' title="bbox 293 1318 776 1358">
    <p class='ocr_par' dir='ltr' id='par_1_8' title="bbox 293 1318 776 1358">
     <span class='ocr_line' id='line_1_23' title="bbox 293 1318 776 1358; baseline 0.004 -8"><span class='ocrx_word' id='word_1_80' title='bbox 293 1320 351 1352; x_wconf 79' lang='lat' dir='ltr'>sed</span> <span class='ocrx_word' id='word_1_81' title='bbox 375 1328 439 1351; x_wconf 91' lang='lat' dir='ltr'>non</span> <span class='ocrx_word' id='word_1_82' title='bbox 462 1327 591 1358; x_wconf 79' lang='lat' dir='ltr'>possum</span> <span class='ocrx_word' id='word_1_83' title='bbox 614 1318 776 1357; x_wconf 62' lang='lat' dir='ltr'>plangere,</span> 
     </span>
    </p>
   </div>
   <div class='ocr_carea' id='block_1_9' title="bbox 249 1366 751 1454">
    <p class='ocr_par' dir='ltr' id='par_1_9' title="bbox 249 1366 751 1454">
     <span class='ocr_line' id='line_1_24' title="bbox 249 1366 724 1407; baseline -0.004 -9"><span class='ocrx_word' id='word_1_84' title='bbox 249 1366 325 1399; x_wconf 88' lang='lat' dir='ltr'>Sine</span> <span class='ocrx_word' id='word_1_85' title='bbox 349 1370 381 1398; x_wconf 84' lang='lat' dir='ltr'>te</span> <span class='ocrx_word' id='word_1_86' title='bbox 405 1375 473 1398; x_wconf 89' lang='lat' dir='ltr'>sum</span> <span class='ocrx_word' id='word_1_87' title='bbox 498 1366 606 1405; x_wconf 83' lang='lat' dir='ltr'>lapsus</span> <span class='ocrx_word' id='word_1_88' title='bbox 630 1366 724 1407; x_wconf 88' lang='lat' dir='ltr'>male,</span> 
     </span>
     <span class='ocr_line' id='line_1_25' title="bbox 294 1415 751 1454; baseline -0.004 -8"><span class='ocrx_word' id='word_1_89' title='bbox 294 1415 351 1447; x_wconf 84' lang='lat' dir='ltr'>sed</span> <span class='ocrx_word' id='word_1_90' title='bbox 375 1423 438 1446; x_wconf 86' lang='lat' dir='ltr'>non</span> <span class='ocrx_word' id='word_1_91' title='bbox 462 1422 591 1453; x_wconf 82' lang='lat' dir='ltr'>possum</span> <span class='ocrx_word' id='word_1_92' title='bbox 613 1421 751 1454; x_wconf 83' lang='lat' dir='ltr'>surgere.</span> 
     </span>
    </p>
   </div>
   <div class='ocr_carea' id='block_1_10' title="bbox 189 1498 725 1773">
    <p class='ocr_par' dir='ltr' id='par_1_10' title="bbox 189 1498 725 1773">
     <span class='ocr_line' id='line_1_26' title="bbox 189 1498 725 1539; baseline -0.004 -7"><span class='ocrx_word' id='word_1_93' title='bbox 189 1501 220 1533; x_wconf 86' lang='lat'>7.</span> <span class='ocrx_word' id='word_1_94' title='bbox 245 1498 320 1532; x_wconf 82' lang='lat' dir='ltr'>Non</span> <span class='ocrx_word' id='word_1_95' title='bbox 339 1499 420 1533; x_wconf 87' lang='lat' dir='ltr'>enim</span> <span class='ocrx_word' id='word_1_96' title='bbox 445 1508 574 1539; x_wconf 85' lang='lat' dir='ltr'>possum</span> <span class='ocrx_word' id='word_1_97' title='bbox 595 1499 725 1539; x_wconf 76' lang='lat' dir='ltr'>plorare</span> 
     </span>
     <span class='ocr_line' id='line_1_27' title="bbox 294 1545 684 1590; baseline -0.003 -11"><span class='ocrx_word' id='word_1_98' title='bbox 294 1556 354 1580; x_wconf 90' lang='lat' dir='ltr'>nee</span> <span class='ocrx_word' id='word_1_99' title='bbox 377 1547 516 1579; x_wconf 82' lang='lat' dir='ltr'>lamenta</span> <span class='ocrx_word' id='word_1_100' title='bbox 539 1545 684 1590; x_wconf 85' lang='lat' dir='ltr'>fundere,</span> 
     </span>
     <span class='ocr_line' id='line_1_28' title="bbox 248 1596 616 1635; baseline -0.003 -7"><span class='ocrx_word' id='word_1_101' title='bbox 248 1596 343 1629; x_wconf 82' lang='lat' dir='ltr'>Potui</span> <span class='ocrx_word' id='word_1_102' title='bbox 363 1596 462 1627; x_wconf 78' lang='lat' dir='ltr'>multa</span> <span class='ocrx_word' id='word_1_103' title='bbox 486 1597 616 1635; x_wconf 84' lang='lat' dir='ltr'>pat-rare</span> 
     </span>
     <span class='ocr_line' id='line_1_29' title="bbox 295 1642 629 1683; baseline 0.003 -9"><span class='ocrx_word' id='word_1_104' title='bbox 295 1643 347 1683; x_wconf 87' lang='lat' dir='ltr'>qui</span> <span class='ocrx_word' id='word_1_105' title='bbox 370 1643 454 1675; x_wconf 74' lang='lat' dir='ltr'>mala</span> <span class='ocrx_word' id='word_1_106' title='bbox 478 1642 629 1683; x_wconf 82' lang='lat' dir='ltr'><strong>quotidie,</strong></span> 
     </span>
     <span class='ocr_line' id='line_1_30' title="bbox 248 1690 679 1731; baseline 0.002 -9"><span class='ocrx_word' id='word_1_107' title='bbox 248 1692 384 1731; x_wconf 76' lang='lat' dir='ltr'>Quorum</span> <span class='ocrx_word' id='word_1_108' title='bbox 409 1690 468 1723; x_wconf 87' lang='lat' dir='ltr'>soli</span> <span class='ocrx_word' id='word_1_109' title='bbox 493 1692 582 1730; x_wconf 81' lang='lat' dir='ltr'>patet</span> <span class='ocrx_word' id='word_1_110' title='bbox 606 1693 679 1723; x_wconf 84' lang='lat' dir='ltr'>tuae</span> 
     </span>
     <span class='ocr_line' id='line_1_31' title="bbox 293 1738 652 1773; baseline -0.003 -3"><span class='ocrx_word' id='word_1_111' title='bbox 293 1746 439 1770; x_wconf 80' lang='lat' dir='ltr'>numerus</span> <span class='ocrx_word' id='word_1_112' title='bbox 465 1738 652 1773; x_wconf 71' lang='lat' dir='ltr'>sententiae,</span> 
     </span>
    </p>
   </div>
   <div class='ocr_carea' id='block_1_11' title="bbox 194 1823 717 2103">
    <p class='ocr_par' dir='ltr' id='par_1_11' title="bbox 194 1823 659 2054">
     <span class='ocr_line' id='line_1_32' title="bbox 194 1823 650 1864; baseline 0.002 -9"><span class='ocrx_word' id='word_1_113' title='bbox 194 1823 225 1857; x_wconf 89' lang='grc'>8.</span> <span class='ocrx_word' id='word_1_114' title='bbox 251 1823 332 1856; x_wconf 81' lang='lat' dir='ltr'>Caro</span> <span class='ocrx_word' id='word_1_115' title='bbox 358 1823 404 1855; x_wconf 77' lang='lat' dir='ltr'>ita</span> <span class='ocrx_word' id='word_1_116' title='bbox 428 1823 555 1864; x_wconf 85' lang='lat' dir='ltr'>quidem</span> <span class='ocrx_word' id='word_1_117' title='bbox 579 1832 650 1856; x_wconf 81' lang='lat' dir='ltr'>mea</span> 
     </span>
     <span class='ocr_line' id='line_1_33' title="bbox 295 1871 620 1915; baseline 0.009 -13"><span class='ocrx_word' id='word_1_118' title='bbox 295 1871 364 1903; x_wconf 88' lang='lat' dir='ltr'>sine</span> <span class='ocrx_word' id='word_1_119' title='bbox 388 1875 421 1902; x_wconf 81' lang='lat' dir='ltr'>te</span> <span class='ocrx_word' id='word_1_120' title='bbox 446 1873 494 1902; x_wconf 79' lang='lat' dir='ltr'>est</span> <span class='ocrx_word' id='word_1_121' title='bbox 518 1871 620 1915; x_wconf 82' lang='lat' dir='ltr'>arida,</span> 
     </span>
     <span class='ocr_line' id='line_1_34' title="bbox 248 1919 659 1960; baseline 0.002 -9"><span class='ocrx_word' id='word_1_122' title='bbox 248 1919 337 1951; x_wconf 72' lang='lat' dir='ltr'>Sicut</span> <span class='ocrx_word' id='word_1_123' title='bbox 361 1920 451 1951; x_wconf 76' lang='lat' dir='ltr'>terra</span> <span class='ocrx_word' id='word_1_124' title='bbox 473 1919 544 1951; x_wconf 82' lang='lat' dir='ltr'>sine</span> <span class='ocrx_word' id='word_1_125' title='bbox 567 1928 659 1960; x_wconf 76' lang='lat' dir='ltr'>aqua,</span> 
     </span>
     <span class='ocr_line' id='line_1_35' title="bbox 296 1966 632 2007; baseline 0.009 -10"><span class='ocrx_word' id='word_1_126' title='bbox 296 1966 377 1998; x_wconf 86' lang='lat' dir='ltr'>sicut</span> <span class='ocrx_word' id='word_1_127' title='bbox 401 1970 494 2006; x_wconf 77' lang='lat' dir='ltr'>petra</span> <span class='ocrx_word' id='word_1_128' title='bbox 517 1966 632 2007; x_wconf 82' lang='lat' dir='ltr'>rigida,</span> 
     </span>
     <span class='ocr_line' id='line_1_36' title="bbox 249 2014 638 2054; baseline 0.003 -8"><span class='ocrx_word' id='word_1_129' title='bbox 249 2014 417 2047; x_wconf 77' lang='lat' dir='ltr'>Oculorum</span> <span class='ocrx_word' id='word_1_130' title='bbox 443 2016 491 2046; x_wconf 87' lang='lat' dir='ltr'>est</span> <span class='ocrx_word' id='word_1_131' title='bbox 514 2015 638 2054; x_wconf 79' lang='lat' dir='ltr'>pupilla</span> 
     </span>
    </p>

    <p class='ocr_par' dir='ltr' id='par_1_12' title="bbox 296 2061 717 2103">
     <span class='ocr_line' id='line_1_37' title="bbox 296 2061 717 2103; baseline 0.01 -11"><span class='ocrx_word' id='word_1_132' title='bbox 296 2069 352 2093; x_wconf 89' lang='lat' dir='ltr'>ceu</span> <span class='ocrx_word' id='word_1_133' title='bbox 377 2062 560 2103; x_wconf 80' lang='lat' dir='ltr'>crystallum</span> <span class='ocrx_word' id='word_1_134' title='bbox 587 2061 717 2102; x_wconf 79' lang='lat' dir='ltr'>frigida.</span> 
     </span>
    </p>
   </div>
   <div class='ocr_carea' id='block_1_12' title="bbox 193 2147 746 2430">
    <p class='ocr_par' dir='ltr' id='par_1_13' title="bbox 193 2147 746 2430">
     <span class='ocr_line' id='line_1_38' title="bbox 193 2147 677 2187; baseline 0.004 -8"><span class='ocrx_word' id='word_1_135' title='bbox 193 2147 223 2179; x_wconf 85' lang='lat'>9.</span> <span class='ocrx_word' id='word_1_136' title='bbox 245 2147 358 2187; x_wconf 80' lang='lat' dir='ltr'>Sicque</span> <span class='ocrx_word' id='word_1_137' title='bbox 382 2148 465 2180; x_wconf 76' lang='lat' dir='ltr'>sicut</span> <span class='ocrx_word' id='word_1_138' title='bbox 490 2149 571 2181; x_wconf 83' lang='lat' dir='ltr'>silex</span> <span class='ocrx_word' id='word_1_139' title='bbox 598 2149 677 2182; x_wconf 82' lang='lat' dir='ltr'>dura</span> 
     </span>
     <span class='ocr_line' id='line_1_39' title="bbox 299 2198 730 2239; baseline 0.012 -13"><span class='ocrx_word' id='word_1_140' title='bbox 299 2198 410 2229; x_wconf 81' lang='lat' dir='ltr'>cuneta</span> <span class='ocrx_word' id='word_1_141' title='bbox 435 2199 509 2228; x_wconf 79' lang='lat' dir='ltr'>sunt</span> <span class='ocrx_word' id='word_1_142' title='bbox 531 2199 730 2239; x_wconf 80' lang='lat' dir='ltr'>praecordia,</span> 
     </span>
     <span class='ocr_line' id='line_1_40' title="bbox 251 2241 615 2279; baseline 0.011 -5"><span class='ocrx_word' id='word_1_143' title='bbox 251 2241 328 2275; x_wconf 88' lang='lat' dir='ltr'>Ideo</span> <span class='ocrx_word' id='word_1_144' title='bbox 352 2252 414 2275; x_wconf 91' lang='lat' dir='ltr'>non</span> <span class='ocrx_word' id='word_1_145' title='bbox 438 2244 525 2277; x_wconf 74' lang='lat' dir='ltr'>valet</span> <span class='ocrx_word' id='word_1_146' title='bbox 548 2244 615 2279; x_wconf 84' lang='lat' dir='ltr'>ulla</span> 
     </span>
     <span class='ocr_line' id='line_1_41' title="bbox 300 2292 589 2332; baseline 0.01 -10"><span class='ocrx_word' id='word_1_147' title='bbox 300 2299 445 2323; x_wconf 81' lang='lat' dir='ltr'>emanare</span> <span class='ocrx_word' id='word_1_148' title='bbox 466 2292 589 2332; x_wconf 78' lang='lat' dir='ltr'>guttula</span> 
     </span>
     <span class='ocr_line' id='line_1_42' title="bbox 252 2337 746 2378; baseline 0.01 -9"><span class='ocrx_word' id='word_1_149' title='bbox 252 2337 365 2378; x_wconf 74' lang='lat' dir='ltr'>Exque</span> <span class='ocrx_word' id='word_1_150' title='bbox 387 2348 439 2371; x_wconf 84' lang='lat' dir='ltr'>me</span> <span class='ocrx_word' id='word_1_151' title='bbox 461 2349 522 2372; x_wconf 87' lang='lat' dir='ltr'>nec</span> <span class='ocrx_word' id='word_1_152' title='bbox 544 2340 657 2373; x_wconf 79' lang='lat' dir='ltr'>saltem</span> <span class='ocrx_word' id='word_1_153' title='bbox 681 2350 746 2374; x_wconf 77' lang='lat' dir='ltr'>una</span> 
     </span>
     <span class='ocr_line' id='line_1_43' title="bbox 299 2385 643 2430; baseline 0.009 -13"><span class='ocrx_word' id='word_1_154' title='bbox 299 2385 346 2418; x_wconf 83' lang='lat' dir='ltr'>ire</span> <span class='ocrx_word' id='word_1_155' title='bbox 373 2389 480 2430; x_wconf 81' lang='lat' dir='ltr'>potest</span> <span class='ocrx_word' id='word_1_156' title='bbox 502 2388 643 2423; x_wconf 85' lang='lat' dir='ltr'>lacrima.</span> 
     </span>
    </p>
   </div>
   <div class='ocr_carea' id='block_1_13' title="bbox 867 203 921 236">
    <p class='ocr_par' dir='ltr' id='par_1_14' title="bbox 867 203 921 236">
     <span class='ocr_line' id='line_1_44' title="bbox 867 203 921 236; baseline -0.019 0"><span class='ocrx_word' id='word_1_157' title='bbox 867 203 921 236; x_wconf 89' lang='grc'>10.</span> 
     </span>
    </p>
   </div>
   <div class='ocr_carea' id='block_1_14' title="bbox 867 526 922 560">
    <p class='ocr_par' dir='ltr' id='par_1_15' title="bbox 867 526 922 560">
     <span class='ocr_line' id='line_1_45' title="bbox 867 526 922 560; baseline 0 -1"><span class='ocrx_word' id='word_1_158' title='bbox 867 526 922 560; x_wconf 90' lang='grc'>11.</span> 
     </span>
    </p>
   </div>
   <div class='ocr_carea' id='block_1_15' title="bbox 869 851 923 883">
    <p class='ocr_par' dir='ltr' id='par_1_16' title="bbox 869 851 923 883">
     <span class='ocr_line' id='line_1_46' title="bbox 869 851 923 883; baseline 0 0"><span class='ocrx_word' id='word_1_159' title='bbox 869 851 923 883; x_wconf 87' lang='grc'>12.</span> 
     </span>
    </p>
   </div>
   <div class='ocr_carea' id='block_1_16' title="bbox 872 1176 926 1208">
    <p class='ocr_par' dir='ltr' id='par_1_17' title="bbox 872 1176 926 1208">
     <span class='ocr_line' id='line_1_47' title="bbox 872 1176 926 1208; baseline 0.019 -1"><span class='ocrx_word' id='word_1_160' title='bbox 872 1176 926 1208; x_wconf 85' lang='grc'>13.</span> 
     </span>
    </p>
   </div>
   <div class='ocr_carea' id='block_1_17' title="bbox 874 1499 927 1533">
    <p class='ocr_par' dir='ltr' id='par_1_18' title="bbox 874 1499 927 1533">
     <span class='ocr_line' id='line_1_48' title="bbox 874 1499 927 1533; baseline 0.038 -2"><span class='ocrx_word' id='word_1_161' title='bbox 874 1499 927 1533; x_wconf 71' lang='lat'>14.</span> 
     </span>
    </p>
   </div>
   <div class='ocr_carea' id='block_1_18' title="bbox 874 1824 929 1859">
    <p class='ocr_par' dir='ltr' id='par_1_19' title="bbox 874 1824 929 1859">
     <span class='ocr_line' id='line_1_49' title="bbox 874 1824 929 1859; baseline 0.036 -2"><span class='ocrx_word' id='word_1_162' title='bbox 874 1824 929 1859; x_wconf 84' lang='lat'>15.</span> 
     </span>
    </p>
   </div>
   <div class='ocr_carea' id='block_1_19' title="bbox 875 2150 932 2183">
    <p class='ocr_par' dir='ltr' id='par_1_20' title="bbox 875 2150 932 2183">
     <span class='ocr_line' id='line_1_50' title="bbox 875 2150 932 2183; baseline 0 0"><span class='ocrx_word' id='word_1_163' title='bbox 875 2150 932 2183; x_wconf 89' lang='grc'>16.</span> 
     </span>
    </p>
   </div>
   <div class='ocr_carea' id='block_1_20' title="bbox 947 198 1446 478">
    <p class='ocr_par' dir='ltr' id='par_1_21' title="bbox 947 198 1446 335">
     <span class='ocr_line' id='line_1_51' title="bbox 947 198 1376 234; baseline -0.012 0"><span class='ocrx_word' id='word_1_164' title='bbox 947 201 1088 234; x_wconf 87' lang='lat' dir='ltr'>Proinde</span> <span class='ocrx_word' id='word_1_165' title='bbox 1110 208 1251 232; x_wconf 85' lang='lat' dir='ltr'>meorum</span> <span class='ocrx_word' id='word_1_166' title='bbox 1275 198 1376 230; x_wconf 77' lang='lat' dir='ltr'>multa</span> 
     </span>
     <span class='ocr_line' id='line_1_52' title="bbox 996 246 1371 280; baseline -0.008 0"><span class='ocrx_word' id='word_1_167' title='bbox 996 248 1161 280; x_wconf 88' lang='lat' dir='ltr'>criminum</span> <span class='ocrx_word' id='word_1_168' title='bbox 1186 255 1256 279; x_wconf 84' lang='lat' dir='ltr'>cum</span> <span class='ocrx_word' id='word_1_169' title='bbox 1280 246 1371 277; x_wconf 84' lang='lat' dir='ltr'>milia</span> 
     </span>
     <span class='ocr_line' id='line_1_53' title="bbox 948 295 1446 335; baseline -0.01 -6"><span class='ocrx_word' id='word_1_170' title='bbox 948 296 1029 329; x_wconf 76' lang='lat' dir='ltr'>Sunt</span> <span class='ocrx_word' id='word_1_171' title='bbox 1052 299 1084 327; x_wconf 82' lang='lat' dir='ltr'>et</span> <span class='ocrx_word' id='word_1_172' title='bbox 1108 295 1202 335; x_wconf 79' lang='lat' dir='ltr'>plura</span> <span class='ocrx_word' id='word_1_173' title='bbox 1227 303 1320 335; x_wconf 84' lang='lat' dir='ltr'>quam</span> <span class='ocrx_word' id='word_1_174' title='bbox 1346 301 1446 326; x_wconf 78' lang='lat' dir='ltr'>arena</span> 
     </span>
    </p>

    <p class='ocr_par' dir='ltr' id='par_1_22' title="bbox 948 343 1433 478">
     <span class='ocr_line' id='line_1_54' title="bbox 995 343 1323 383; baseline -0.009 -7"><span class='ocrx_word' id='word_1_175' title='bbox 995 344 1119 376; x_wconf 80' lang='lat' dir='ltr'>marina</span> <span class='ocrx_word' id='word_1_176' title='bbox 1142 351 1202 383; x_wconf 86' lang='lat' dir='ltr'>per</span> <span class='ocrx_word' id='word_1_177' title='bbox 1225 343 1323 374; x_wconf 80' lang='lat' dir='ltr'>litora</span> 
     </span>
     <span class='ocr_line' id='line_1_55' title="bbox 948 390 1353 432; baseline -0.005 -9"><span class='ocrx_word' id='word_1_178' title='bbox 948 392 1055 432; x_wconf 75' lang='lat' dir='ltr'>Atque</span> <span class='ocrx_word' id='word_1_179' title='bbox 1078 390 1180 422; x_wconf 73' lang='lat' dir='ltr'>multa</span> <span class='ocrx_word' id='word_1_180' title='bbox 1204 390 1353 430; x_wconf 78' lang='lat' dir='ltr'>graviora.</span> 
     </span>
     <span class='ocr_line' id='line_1_56' title="bbox 993 435 1433 478; baseline -0.007 -7"><span class='ocrx_word' id='word_1_181' title='bbox 993 448 1099 471; x_wconf 77' lang='lat' dir='ltr'>massa</span> <span class='ocrx_word' id='word_1_182' title='bbox 1124 441 1251 470; x_wconf 82' lang='lat' dir='ltr'>exstant</span> <span class='ocrx_word' id='word_1_183' title='bbox 1271 435 1433 478; x_wconf 86' lang='lat' dir='ltr'>plumbea,</span> 
     </span>
    </p>
   </div>
   <div class='ocr_carea' id='block_1_21' title="bbox 949 523 1448 803">
    <p class='ocr_par' dir='ltr' id='par_1_23' title="bbox 950 523 1448 611">
     <span class='ocr_line' id='line_1_57' title="bbox 950 523 1448 566; baseline -0.006 -9"><span class='ocrx_word' id='word_1_184' title='bbox 950 524 1083 565; x_wconf 80' lang='lat' dir='ltr'>Clamat,</span> <span class='ocrx_word' id='word_1_185' title='bbox 1108 532 1191 566; x_wconf 87' lang='lat' dir='ltr'>ecce,</span> <span class='ocrx_word' id='word_1_186' title='bbox 1217 523 1354 563; x_wconf 81' lang='lat' dir='ltr'>supplex</span> <span class='ocrx_word' id='word_1_187' title='bbox 1378 531 1448 554; x_wconf 84' lang='lat' dir='ltr'>mea</span> 
     </span>
     <span class='ocr_line' id='line_1_58' title="bbox 998 571 1368 611; baseline -0.005 -7"><span class='ocrx_word' id='word_1_188' title='bbox 998 581 1083 605; x_wconf 89' lang='lat' dir='ltr'>nunc</span> <span class='ocrx_word' id='word_1_189' title='bbox 1107 572 1149 603; x_wconf 85' lang='lat' dir='ltr'>ad</span> <span class='ocrx_word' id='word_1_190' title='bbox 1173 574 1206 603; x_wconf 87' lang='lat' dir='ltr'>te</span> <span class='ocrx_word' id='word_1_191' title='bbox 1228 571 1368 611; x_wconf 78' lang='lat' dir='ltr'>miseria,</span> 
     </span>
    </p>

    <p class='ocr_par' dir='ltr' id='par_1_24' title="bbox 951 618 1390 700">
     <span class='ocr_line' id='line_1_59' title="bbox 951 618 1390 660; baseline -0.009 -7"><span class='ocrx_word' id='word_1_192' title='bbox 951 621 1078 660; x_wconf 86' lang='lat' dir='ltr'>Petens,</span> <span class='ocrx_word' id='word_1_193' title='bbox 1108 621 1143 650; x_wconf 82' lang='lat' dir='ltr'>ut</span> <span class='ocrx_word' id='word_1_194' title='bbox 1169 618 1309 659; x_wconf 85' lang='lat' dir='ltr'>digneris</span> <span class='ocrx_word' id='word_1_195' title='bbox 1334 621 1390 650; x_wconf 82' lang='lat' dir='ltr'>tua</span> 
     </span>
     <span class='ocr_line' id='line_1_60' title="bbox 996 666 1293 700; baseline -0.007 0"><span class='ocrx_word' id='word_1_196' title='bbox 996 676 1047 700; x_wconf 91' lang='lat' dir='ltr'>me</span> <span class='ocrx_word' id='word_1_197' title='bbox 1071 666 1293 699; x_wconf 83' lang='lat' dir='ltr'>misericordia</span> 
     </span>
    </p>

    <p class='ocr_par' dir='ltr' id='par_1_25' title="bbox 949 714 1367 803">
     <span class='ocr_line' id='line_1_61' title="bbox 949 714 1367 756; baseline -0.007 -8"><span class='ocrx_word' id='word_1_198' title='bbox 949 715 1021 748; x_wconf 82' lang='lat' dir='ltr'>Hac</span> <span class='ocrx_word' id='word_1_199' title='bbox 1044 715 1205 756; x_wconf 84' lang='lat' dir='ltr'>respicere</span> <span class='ocrx_word' id='word_1_200' title='bbox 1229 714 1262 746; x_wconf 89' lang='lat' dir='ltr'>in</span> <span class='ocrx_word' id='word_1_201' title='bbox 1287 714 1367 746; x_wconf 81' lang='lat' dir='ltr'>hora</span> 
     </span>
     <span class='ocr_line' id='line_1_62' title="bbox 996 761 1357 803; baseline -0.008 -7"><span class='ocrx_word' id='word_1_202' title='bbox 996 764 1176 803; x_wconf 84' lang='lat' dir='ltr'>torpentem</span> <span class='ocrx_word' id='word_1_203' title='bbox 1200 761 1357 794; x_wconf 81' lang='lat' dir='ltr'>socordia.</span> 
     </span>
    </p>
   </div>
   <div class='ocr_carea' id='block_1_22' title="bbox 948 847 1453 1127">
    <p class='ocr_par' dir='ltr' id='par_1_26' title="bbox 948 847 1453 984">
     <span class='ocr_line' id='line_1_63' title="bbox 951 847 1357 890; baseline -0.005 -8"><span class='ocrx_word' id='word_1_204' title='bbox 951 850 1031 890; x_wconf 85' lang='lat' dir='ltr'>Age,</span> <span class='ocrx_word' id='word_1_205' title='bbox 1054 850 1121 889; x_wconf 82' lang='lat' dir='ltr'>jam</span> <span class='ocrx_word' id='word_1_206' title='bbox 1146 848 1209 880; x_wconf 85' lang='lat' dir='ltr'>mei</span> <span class='ocrx_word' id='word_1_207' title='bbox 1233 847 1357 880; x_wconf 85' lang='lat' dir='ltr'>mollita</span> 
     </span>
     <span class='ocr_line' id='line_1_64' title="bbox 998 892 1366 940; baseline -0.008 -11"><span class='ocrx_word' id='word_1_208' title='bbox 998 897 1103 929; x_wconf 84' lang='lat' dir='ltr'>cordis</span> <span class='ocrx_word' id='word_1_209' title='bbox 1129 892 1220 940; x_wconf 75' lang='lat' dir='ltr'>[hac]</span> <span class='ocrx_word' id='word_1_210' title='bbox 1247 895 1366 928; x_wconf 76' lang='lat' dir='ltr'>duritia</span> 
     </span>
     <span class='ocr_line' id='line_1_65' title="bbox 948 943 1453 984; baseline -0.008 -7"><span class='ocrx_word' id='word_1_211' title='bbox 948 945 1050 984; x_wconf 90' lang='lat' dir='ltr'>Educ,</span> <span class='ocrx_word' id='word_1_212' title='bbox 1078 952 1206 984; x_wconf 84' lang='lat' dir='ltr'>quaeso,</span> <span class='ocrx_word' id='word_1_213' title='bbox 1234 943 1329 975; x_wconf 89' lang='lat' dir='ltr'>modo</span> <span class='ocrx_word' id='word_1_214' title='bbox 1352 943 1453 974; x_wconf 81' lang='lat' dir='ltr'>multa</span> 
     </span>
    </p>

    <p class='ocr_par' dir='ltr' id='par_1_27' title="bbox 949 989 1356 1127">
     <span class='ocr_line' id='line_1_66' title="bbox 996 989 1356 1025; baseline -0.008 -1"><span class='ocrx_word' id='word_1_215' title='bbox 996 993 1202 1025; x_wconf 74' lang='lat' dir='ltr'>lacrimarum</span> <span class='ocrx_word' id='word_1_216' title='bbox 1223 989 1356 1023; x_wconf 76' lang='lat' dir='ltr'>flumina</span> 
     </span>
     <span class='ocr_line' id='line_1_67' title="bbox 949 1037 1347 1072; baseline -0.005 0"><span class='ocrx_word' id='word_1_217' title='bbox 949 1040 1004 1072; x_wconf 91' lang='lat' dir='ltr'>Ad</span> <span class='ocrx_word' id='word_1_218' title='bbox 1027 1038 1173 1071; x_wconf 81' lang='lat' dir='ltr'>facinora</span> <span class='ocrx_word' id='word_1_219' title='bbox 1198 1037 1347 1071; x_wconf 79' lang='lat' dir='ltr'>deflenda</span> 
     </span>
     <span class='ocr_line' id='line_1_68' title="bbox 998 1085 1301 1127; baseline -0.007 -7"><span class='ocrx_word' id='word_1_220' title='bbox 998 1087 1091 1120; x_wconf 88' lang='lat' dir='ltr'>simul</span> <span class='ocrx_word' id='word_1_221' title='bbox 1114 1089 1147 1118; x_wconf 76' lang='lat' dir='ltr'>et</span> <span class='ocrx_word' id='word_1_222' title='bbox 1169 1085 1301 1127; x_wconf 73' lang='lat' dir='ltr'>flagitia,</span> 
     </span>
    </p>
   </div>
   <div class='ocr_carea' id='block_1_23' title="bbox 954 1173 1383 1452">
    <p class='ocr_par' dir='ltr' id='par_1_28' title="bbox 954 1173 1383 1452">
     <span class='ocr_line' id='line_1_69' title="bbox 954 1173 1367 1213; baseline -0.002 -7"><span class='ocrx_word' id='word_1_223' title='bbox 954 1173 1104 1206; x_wconf 81' lang='lat' dir='ltr'>Graviter</span> <span class='ocrx_word' id='word_1_224' title='bbox 1128 1173 1275 1213; x_wconf 76' lang='lat' dir='ltr'>peccavit</span> <span class='ocrx_word' id='word_1_225' title='bbox 1296 1181 1367 1205; x_wconf 77' lang='lat' dir='ltr'>mea</span> 
     </span>
     <span class='ocr_line' id='line_1_70' title="bbox 996 1220 1349 1263; baseline -0.008 -9"><span class='ocrx_word' id='word_1_226' title='bbox 996 1230 1069 1254; x_wconf 77' lang='lat' dir='ltr'>nam</span> <span class='ocrx_word' id='word_1_227' title='bbox 1094 1220 1154 1253; x_wconf 85' lang='lat' dir='ltr'>tibi</span> <span class='ocrx_word' id='word_1_228' title='bbox 1181 1220 1349 1263; x_wconf 79' lang='lat' dir='ltr'>dementia,</span> 
     </span>
     <span class='ocr_line' id='line_1_71' title="bbox 956 1269 1371 1302; baseline -0.007 0"><span class='ocrx_word' id='word_1_229' title='bbox 956 1269 1100 1302; x_wconf 82' lang='lat' dir='ltr'>Fortiter</span> <span class='ocrx_word' id='word_1_230' title='bbox 1125 1271 1292 1300; x_wconf 79' lang='lat' dir='ltr'>succurrat</span> <span class='ocrx_word' id='word_1_231' title='bbox 1316 1270 1371 1300; x_wconf 79' lang='lat' dir='ltr'>tua</span> 
     </span>
     <span class='ocr_line' id='line_1_72' title="bbox 1000 1315 1365 1356; baseline -0.005 -7"><span class='ocrx_word' id='word_1_232' title='bbox 1000 1317 1055 1349; x_wconf 88' lang='lat' dir='ltr'>sed</span> <span class='ocrx_word' id='word_1_233' title='bbox 1082 1315 1161 1348; x_wconf 88' lang='lat' dir='ltr'>mihi</span> <span class='ocrx_word' id='word_1_234' title='bbox 1186 1315 1365 1356; x_wconf 83' lang='lat' dir='ltr'>elementia,</span> 
     </span>
     <span class='ocr_line' id='line_1_73' title="bbox 955 1363 1383 1404; baseline 0 -8"><span class='ocrx_word' id='word_1_235' title='bbox 955 1364 1109 1404; x_wconf 77' lang='lat' dir='ltr'>Quoniam</span> <span class='ocrx_word' id='word_1_236' title='bbox 1133 1367 1183 1396; x_wconf 86' lang='lat' dir='ltr'>est</span> <span class='ocrx_word' id='word_1_237' title='bbox 1207 1363 1267 1395; x_wconf 84' lang='lat' dir='ltr'>tibi</span> <span class='ocrx_word' id='word_1_238' title='bbox 1291 1366 1383 1396; x_wconf 75' lang='lat' dir='ltr'>tanta</span> 
     </span>
     <span class='ocr_line' id='line_1_74' title="bbox 1003 1411 1345 1452; baseline 0.003 -8"><span class='ocrx_word' id='word_1_239' title='bbox 1003 1421 1061 1445; x_wconf 87' lang='lat' dir='ltr'>ceu</span> <span class='ocrx_word' id='word_1_240' title='bbox 1084 1412 1166 1444; x_wconf 81' lang='lat' dir='ltr'>nulli</span> <span class='ocrx_word' id='word_1_241' title='bbox 1191 1411 1345 1452; x_wconf 78' lang='lat' dir='ltr'>potentia.</span> 
     </span>
    </p>
   </div>
   <div class='ocr_carea' id='block_1_24' title="bbox 953 1497 1431 1728">
    <p class='ocr_par' dir='ltr' id='par_1_29' title="bbox 953 1497 1431 1728">
     <span class='ocr_line' id='line_1_75' title="bbox 953 1497 1421 1537; baseline -0.004 -7"><span class='ocrx_word' id='word_1_242' title='bbox 953 1498 1006 1530; x_wconf 84' lang='lat' dir='ltr'>Tu</span> <span class='ocrx_word' id='word_1_243' title='bbox 1031 1506 1065 1530; x_wconf 87' lang='lat' dir='ltr'>es</span> <span class='ocrx_word' id='word_1_244' title='bbox 1088 1498 1192 1531; x_wconf 81' lang='lat' dir='ltr'>‘trinus</span> <span class='ocrx_word' id='word_1_245' title='bbox 1216 1506 1298 1529; x_wconf 84' lang='lat' dir='ltr'>unus</span> <span class='ocrx_word' id='word_1_246' title='bbox 1321 1497 1421 1537; x_wconf 86' lang='lat' dir='ltr'>Deus,</span> 
     </span>
     <span class='ocr_line' id='line_1_76' title="bbox 1000 1545 1369 1587; baseline -0.005 -9"><span class='ocrx_word' id='word_1_247' title='bbox 1000 1549 1036 1579; x_wconf 84' lang='lat' dir='ltr'>tu</span> <span class='ocrx_word' id='word_1_248' title='bbox 1061 1554 1094 1577; x_wconf 88' lang='lat' dir='ltr'>es</span> <span class='ocrx_word' id='word_1_249' title='bbox 1118 1545 1369 1587; x_wconf 82' lang='lat' dir='ltr'>potentissimus,</span> 
     </span>
     <span class='ocr_line' id='line_1_77' title="bbox 954 1593 1416 1634; baseline -0.004 -8"><span class='ocrx_word' id='word_1_250' title='bbox 954 1594 1003 1626; x_wconf 81' lang='lat' dir='ltr'>Tu</span> <span class='ocrx_word' id='word_1_251' title='bbox 1029 1602 1062 1626; x_wconf 88' lang='lat' dir='ltr'>es</span> <span class='ocrx_word' id='word_1_252' title='bbox 1085 1594 1167 1634; x_wconf 90' lang='lat' dir='ltr'>pius,</span> <span class='ocrx_word' id='word_1_253' title='bbox 1193 1596 1229 1625; x_wconf 83' lang='lat' dir='ltr'>tu</span> <span class='ocrx_word' id='word_1_254' title='bbox 1251 1593 1416 1633; x_wconf 87' lang='lat' dir='ltr'>benignus,</span> 
     </span>
     <span class='ocr_line' id='line_1_78' title="bbox 1000 1640 1394 1682; baseline -0.003 -9"><span class='ocrx_word' id='word_1_255' title='bbox 1000 1645 1035 1674; x_wconf 85' lang='lat' dir='ltr'>tu</span> <span class='ocrx_word' id='word_1_256' title='bbox 1061 1650 1094 1673; x_wconf 90' lang='lat' dir='ltr'>es</span> <span class='ocrx_word' id='word_1_257' title='bbox 1121 1640 1394 1682; x_wconf 84' lang='lat' dir='ltr'>clementissimus,</span> 
     </span>
     <span class='ocr_line' id='line_1_79' title="bbox 956 1688 1431 1728; baseline -0.006 -6"><span class='ocrx_word' id='word_1_258' title='bbox 956 1689 1003 1723; x_wconf 93' lang='lat' dir='ltr'>Ob</span> <span class='ocrx_word' id='word_1_259' title='bbox 1028 1691 1089 1721; x_wconf 88' lang='lat' dir='ltr'>hoc</span> <span class='ocrx_word' id='word_1_260' title='bbox 1112 1689 1191 1721; x_wconf 91' lang='lat' dir='ltr'>meis</span> <span class='ocrx_word' id='word_1_261' title='bbox 1218 1689 1260 1721; x_wconf 80' lang='lat' dir='ltr'>da</span> <span class='ocrx_word' id='word_1_262' title='bbox 1285 1688 1431 1728; x_wconf 80' lang='lat' dir='ltr'>dignatus</span> 
     </span>
    </p>
   </div>
   <div class='ocr_carea' id='block_1_25' title="bbox 1000 1732 1503 1770">
    <p class='ocr_par' dir='ltr' id='par_1_30' title="bbox 1000 1732 1503 1770">
     <span class='ocr_line' id='line_1_80' title="bbox 1000 1732 1503 1770; baseline -0.006 0"><span class='ocrx_word' id='word_1_263' title='bbox 1000 1736 1131 1770; x_wconf 81' lang='lat' dir='ltr'>flumina</span> <span class='ocrx_word' id='word_1_264' title='bbox 1152 1736 1333 1768; x_wconf 82' lang='lat' dir='ltr'>luminibus.</span> <span class='ocrx_word' id='word_1_265' title='bbox 1470 1732 1503 1750; x_wconf 71' lang='lat'>¹¹·</span> 
     </span>
    </p>
   </div>
   <div class='ocr_carea' id='block_1_26' title="bbox 952 1823 1503 2103">
    <p class='ocr_par' dir='ltr' id='par_1_31' title="bbox 954 1823 1503 1904">
     <span class='ocr_line' id='line_1_81' title="bbox 954 1823 1503 1864; baseline -0.002 -9"><span class='ocrx_word' id='word_1_266' title='bbox 954 1824 1004 1855; x_wconf 89' lang='lat' dir='ltr'>Tu</span> <span class='ocrx_word' id='word_1_267' title='bbox 1026 1826 1151 1864; x_wconf 77' lang='lat' dir='ltr'>petram</span> <span class='ocrx_word' id='word_1_268' title='bbox 1173 1823 1208 1856; x_wconf 87' lang='lat' dir='ltr'>in</span> <span class='ocrx_word' id='word_1_269' title='bbox 1223 1824 1336 1864; x_wconf 79' lang='lat' dir='ltr'>stagna</span> <span class='ocrx_word' id='word_1_270' title='bbox 1349 1831 1503 1863; x_wconf 80' lang='lat' dir='ltr'>aquarum</span> 
     </span>
     <span class='ocr_line' id='line_1_82' title="bbox 1003 1870 1342 1904; baseline -0.003 0"><span class='ocrx_word' id='word_1_271' title='bbox 1003 1871 1189 1904; x_wconf 84' lang='lat' dir='ltr'>convertisti</span> <span class='ocrx_word' id='word_1_272' title='bbox 1212 1870 1342 1903; x_wconf 84' lang='lat' dir='ltr'>laticum</span> 
     </span>
    </p>

    <p class='ocr_par' dir='ltr' id='par_1_32' title="bbox 952 1919 1429 2010">
     <span class='ocr_line' id='line_1_83' title="bbox 952 1919 1429 1960; baseline -0.002 -9"><span class='ocrx_word' id='word_1_273' title='bbox 952 1919 1059 1960; x_wconf 78' lang='lat' dir='ltr'>Atque</span> <span class='ocrx_word' id='word_1_274' title='bbox 1081 1927 1194 1960; x_wconf 81' lang='lat' dir='ltr'>rupem</span> <span class='ocrx_word' id='word_1_275' title='bbox 1217 1919 1253 1950; x_wconf 81' lang='lat' dir='ltr'>in</span> <span class='ocrx_word' id='word_1_276' title='bbox 1275 1927 1429 1958; x_wconf 77' lang='lat' dir='ltr'>aquarum</span> 
     </span>
     <span class='ocr_line' id='line_1_84' title="bbox 1005 1966 1369 2010; baseline -0.003 -10"><span class='ocrx_word' id='word_1_277' title='bbox 1005 1966 1111 2000; x_wconf 80' lang='lat' dir='ltr'>fontes</span> <span class='ocrx_word' id='word_1_278' title='bbox 1134 1966 1369 2010; x_wconf 75' lang='lat' dir='ltr'>multiplicium,</span> 
     </span>
    </p>

    <p class='ocr_par' dir='ltr' id='par_1_33' title="bbox 956 2015 1481 2103">
     <span class='ocr_line' id='line_1_85' title="bbox 956 2015 1481 2056; baseline -0.002 -10"><span class='ocrx_word' id='word_1_279' title='bbox 956 2015 1007 2046; x_wconf 81' lang='lat' dir='ltr'>Tu</span> <span class='ocrx_word' id='word_1_280' title='bbox 1032 2023 1157 2056; x_wconf 87' lang='lat' dir='ltr'>quoque</span> <span class='ocrx_word' id='word_1_281' title='bbox 1180 2017 1273 2055; x_wconf 81' lang='lat' dir='ltr'>potes</span> <span class='ocrx_word' id='word_1_282' title='bbox 1299 2023 1354 2047; x_wconf 88' lang='lat' dir='ltr'>cor</span> <span class='ocrx_word' id='word_1_283' title='bbox 1375 2023 1481 2046; x_wconf 89' lang='lat' dir='ltr'>meum</span> 
     </span>
     <span class='ocr_line' id='line_1_86' title="bbox 1004 2062 1331 2103; baseline 0 -8"><span class='ocrx_word' id='word_1_284' title='bbox 1004 2063 1148 2095; x_wconf 89' lang='lat' dir='ltr'>emollire</span> <span class='ocrx_word' id='word_1_285' title='bbox 1172 2062 1331 2103; x_wconf 82' lang='lat' dir='ltr'>ferreum3</span> 
     </span>
    </p>
   </div>
   <div class='ocr_carea' id='block_1_27' title="bbox 956 2149 1462 2431">
    <p class='ocr_par' dir='ltr' id='par_1_34' title="bbox 958 2149 1410 2239">
     <span class='ocr_line' id='line_1_87' title="bbox 958 2149 1410 2190; baseline -0.002 -8"><span class='ocrx_word' id='word_1_286' title='bbox 958 2150 1008 2182; x_wconf 89' lang='lat' dir='ltr'>Tu</span> <span class='ocrx_word' id='word_1_287' title='bbox 1032 2152 1145 2190; x_wconf 89' lang='lat' dir='ltr'>pectus</span> <span class='ocrx_word' id='word_1_288' title='bbox 1170 2149 1410 2183; x_wconf 78' lang='lat' dir='ltr'>adamantinum</span> 
     </span>
     <span class='ocr_line' id='line_1_88' title="bbox 1003 2197 1385 2239; baseline -0.003 -9"><span class='ocrx_word' id='word_1_289' title='bbox 1003 2197 1142 2230; x_wconf 85' lang='lat' dir='ltr'>reddere</span> <span class='ocrx_word' id='word_1_290' title='bbox 1165 2201 1202 2230; x_wconf 75' lang='lat' dir='ltr'>ut</span> <span class='ocrx_word' id='word_1_291' title='bbox 1227 2206 1385 2239; x_wconf 85' lang='lat' dir='ltr'>carneum,</span> 
     </span>
    </p>

    <p class='ocr_par' dir='ltr' id='par_1_35' title="bbox 956 2246 1462 2333">
     <span class='ocr_line' id='line_1_89' title="bbox 956 2246 1462 2279; baseline -0.004 0"><span class='ocrx_word' id='word_1_292' title='bbox 956 2246 1007 2279; x_wconf 84' lang='lat' dir='ltr'>Tu</span> <span class='ocrx_word' id='word_1_293' title='bbox 1030 2248 1156 2279; x_wconf 77' lang='lat' dir='ltr'>mutare</span> <span class='ocrx_word' id='word_1_294' title='bbox 1179 2246 1265 2279; x_wconf 90' lang='lat' dir='ltr'>hunc</span> <span class='ocrx_word' id='word_1_295' title='bbox 1286 2246 1462 2279; x_wconf 86' lang='lat' dir='ltr'>belluinum</span> 
     </span>
     <span class='ocr_line' id='line_1_90' title="bbox 1003 2294 1398 2333; baseline 0.003 -8"><span class='ocrx_word' id='word_1_296' title='bbox 1003 2294 1038 2326; x_wconf 85' lang='lat' dir='ltr'>in</span> <span class='ocrx_word' id='word_1_297' title='bbox 1061 2294 1232 2327; x_wconf 85' lang='lat' dir='ltr'>humanum</span> <span class='ocrx_word' id='word_1_298' title='bbox 1249 2295 1398 2333; x_wconf 84' lang='lat' dir='ltr'>animum,</span> 
     </span>
    </p>

    <p class='ocr_par' dir='ltr' id='par_1_36' title="bbox 958 2341 1450 2431">
     <span class='ocr_line' id='line_1_91' title="bbox 958 2341 1392 2383; baseline 0 -9"><span class='ocrx_word' id='word_1_299' title='bbox 958 2341 1110 2375; x_wconf 81' lang='lat' dir='ltr'>Veterem</span> <span class='ocrx_word' id='word_1_300' title='bbox 1134 2343 1203 2375; x_wconf 86' lang='lat' dir='ltr'>sive</span> <span class='ocrx_word' id='word_1_301' title='bbox 1227 2343 1392 2383; x_wconf 74' lang='lat' dir='ltr'>antiquum</span> 
     </span>
     <span class='ocr_line' id='line_1_92' title="bbox 1005 2391 1450 2431; baseline 0.007 -9"><span class='ocrx_word' id='word_1_302' title='bbox 1005 2391 1039 2423; x_wconf 91' lang='lat' dir='ltr'>in</span> <span class='ocrx_word' id='word_1_303' title='bbox 1059 2391 1125 2431; x_wconf 80' lang='lat' dir='ltr'>jam</span> <span class='ocrx_word' id='word_1_304' title='bbox 1150 2400 1267 2425; x_wconf 86' lang='lat' dir='ltr'>novum</span> <span class='ocrx_word' id='word_1_305' title='bbox 1291 2391 1450 2431; x_wconf 80' lang='lat' dir='ltr'>spiritum.</span> 
     </span>
    </p>
   </div>
  </div>
 </body>
</html>
