1653 2668
219 243 273 275 11.

222 566 274 598 12.

219 888 272 921 13.

218 1211 273 1243 14.

220 1859 274 1892 16.

223 2183 278 2216 17.

736 136 997 173 —146-

299 242 379 284 Ave,
405 238 520 271 florens
545 237 678 278 virgula,

302 288 474 322 Charitatis
497 286 615 327 regula,

350 338 431 371 Cara
456 334 534 366 coeli
560 333 705 374 domina,

301 384 369 417 Fac
392 380 534 424 perfecte
560 381 690 421 diligam

299 432 417 464 Natum
442 433 535 469 teque
558 427 656 460 filiam

346 479 439 511 Nunc
465 480 496 508 et
518 476 637 516 absque
661 474 808 508 termino.

302 566 380 606 Ave,
407 561 530 602 fulgens
554 561 685 601 meritis,

298 612 335 644 In
359 609 483 643 inferno
508 609 620 650 positis

346 658 473 691 Nullum
501 660 546 689 est
573 656 769 696 remedium,

301 706 364 739 Sed
389 714 439 737 me
459 705 552 737 modo
579 705 701 744 corrige

297 754 441 794 Mihique
465 761 549 784 nunc
572 753 704 792 porrige

348 801 465 833 Salutis
491 800 677 833 subsidium.

297 888 377 926 Ave,
403 885 487 917 mitis
513 885 669 924 omnibuS,

300 934 367 966 Fac
390 942 441 965 me
465 933 527 964 tuis
550 933 698 972 precibus

347 982 489 1014 Terrena
516 981 678 1020 despicere

301 1030 351 1061 Ac
374 1037 433 1069 per
456 1031 489 1059 te
513 1028 732 1060 Christicolam

296 1078 398 1109 Verae
421 1078 505 1107 vitae
530 1076 670 1115 regulam

344 1125 533 1156 Constanter
556 1122 722 1163 perficere,

299 1211 380 1250 Ave,
406 1209 470 1249 pia,
497 1209 624 1249 corpori

302 1257 347 1289 Et
370 1259 495 1289 interno
520 1256 644 1289 vulneri

347 1304 541 1337 Medicinam
567 1302 722 1345 conferas,

300 1353 431 1391 Malum,
455 1361 515 1392 quo
539 1352 673 1384 interius

300 1400 428 1433 Laedor
452 1400 503 1431 vel
530 1400 679 1440 exterius,

351 1448 447 1487 Virgo
470 1450 582 1488 mater,
609 1446 746 1482 auferas,

266 1562 273 1569 .
300 1536 380 1577 Ave,
405 1534 516 1566 mundi
541 1535 654 1575 gloria,

300 1582 369 1614 Tua
392 1590 442 1614 me
466 1583 620 1614 memoria

347 1629 456 1662 Salvet
480 1639 498 1661 a
523 1630 690 1670 supplicio,

301 1677 350 1709 Ne
376 1678 507 1710 damner
528 1678 560 1709 in
585 1677 712 1719 infimis,

302 1725 442 1757 Mentem
468 1725 537 1765 riga
561 1725 711 1766 lacrimis,

349 1772 467 1812 Quibus
492 1773 582 1805 laver
606 1774 695 1806 vitio.

301 1860 381 1900 Ave,
406 1858 495 1899 virgo
522 1859 688 1902 virginum,

301 1905 403 1938 Aufer
427 1915 446 1938 a
470 1915 520 1938 me
546 1907 730 1939 daemonum

350 1956 516 1987 Venenosa
537 1955 655 1997 jacula,

303 2002 389 2042 Quae
413 2003 551 2041 portasti
574 2003 746 2035 Dominum

302 2050 355 2082 Ad
380 2049 513 2082 salutem
539 2051 676 2082 onmium

350 2098 426 2130 Sine
452 2098 554 2130 carnis
579 2099 715 2134 macula.

304 2184 383 2227 Ave,
409 2184 494 2215 salus
519 2185 653 2230 animae,

302 2231 349 2264 Ut
371 2240 434 2264 non
458 2232 557 2264 hostis
585 2238 694 2266 contra
718 2242 769 2266 me

352 2279 479 2312 Habeat
502 2280 678 2322 victoriam,

305 2326 356 2359 Da
378 2336 437 2368 per
461 2328 528 2359 nati
552 2329 695 2369 vulnera,

304 2374 350 2407 Ut
373 2384 531 2415 nunquam
555 2386 613 2416 per
638 2378 765 2410 saecula

352 2424 390 2456 In
414 2427 515 2456 morte
539 2425 746 2461 obdormiam.

900 235 956 268 18.

902 560 956 593 19.

901 885 956 917 20.

900 1211 955 1242 21.

903 1537 920 1568 ἰν

925 1537 945 1568 [0

982 234 1063 273 Ave,
1090 232 1179 264 clara
1202 232 1339 271 saeculo,

982 281 1089 313 Parva
1111 281 1146 312 in
1172 279 1373 321 crepusculo,

1034 328 1120 361 Sana
1145 327 1381 368 conscientiam,

981 377 1067 409 Iram
1092 377 1206 417 procul
1230 375 1357 409 auferas

980 424 1025 456 Et
1048 423 1225 464 perfectam
1247 422 1392 457 conferas

1029 473 1112 504 Mihi
1136 473 1335 513 patientiam.

982 560 1063 598 Ave,
1090 559 1179 590 sidus
1204 559 1334 599 regium,

980 606 1063 638 Mihi
1087 615 1172 638 nuuc
1196 615 1255 646 per
1278 605 1389 645 filium,

1029 655 1088 694 Qui
1112 656 1271 687 sustentat
1294 654 1436 694 miseros,

979 702 1111 735 Rectum
1140 701 1249 734 confer
1273 701 1430 741 spiritum,

982 752 1048 789 Quo
1073 750 1185 781 mortis
1209 750 1374 781 interitum

1028 798 1174 831 Evadam
1200 801 1231 829 et
1254 795 1384 828 inferos.

982 885 1063 924 Ave,
1089 884 1201 916 mundi
1227 884 1364 924 domina,

983 932 1153 964 Oculorum
1179 932 1313 963 crimina

1028 980 1105 1012 Tuis
1131 981 1204 1012 lava
1226 978 1385 1019 precibus,

979 1027 1070 1059 Mala
1094 1028 1180 1060 visus
1206 1027 1292 1059 dilue

981 1075 1051 1106 Nec
1074 1085 1135 1107 non
1162 1076 1283 1106 cunctis
1308 1073 1413 1105 tribue

1026 1123 1187 1155 Medelam
1213 1121 1407 1155 vulneribus.

980 1210 1062 1251 Ave,
1088 1210 1241 1250 templum
1267 1208 1397 1249 gloriae,

981 1257 1049 1289 Fac
1073 1267 1123 1289 me
1144 1261 1219 1289 tuae
1243 1256 1365 1297 gratiae

1029 1306 1217 1338 Interventu
1241 1303 1375 1345 perfrui,

982 1353 1096 1395 Terge,
1123 1361 1248 1393 quaeso,
1275 1352 1397 1392 vitium,

983 1401 1062 1432 Vitii
1087 1401 1289 1443 supplicium,

1030 1449 1119 1488 Quod
1146 1449 1257 1481 auditu
1282 1448 1394 1481 merui.

902 1546 908 1551 ·
950 1560 955 1566 .
983 1536 1063 1579 Ave,
1091 1536 1179 1576 virgo
1203 1537 1300 1578 regia,

901 1862 957 1895 23.

905 2188 961 2221 24.

982 1583 1052 1615 Tua
1078 1582 1129 1615 fac
1153 1586 1188 1615 ut
1213 1585 1317 1624 gratia

1030 1632 1169 1664 Pravum
1193 1631 1396 1663 nihilominus

984 1679 1036 1710 Ita
1059 1681 1184 1719 gustum
1212 1679 1343 1720 deleam,

983 1726 1030 1759 Ut
1054 1730 1184 1767 gustare
1209 1727 1341 1768 valeam,

1036 1774 1135 1813 Quam
1162 1775 1262 1806 dulcis
1285 1775 1324 1806 sit
1350 1772 1514 1807 Dominus

983 1861 1064 1901 Ave,
1090 1863 1201 1893 sancta
1224 1859 1353 1896 femina,

982 1908 1143 1941 Virtutum
1167 1909 1209 1941 ad
1234 1908 1372 1940 culmina

1033 1956 1145 1989 Gratia
1168 1958 1317 1997 paracliti

982 2004 1039 2037 Me
1065 2005 1237 2036 clementer
1262 2003 1421 2045 provehas

986 2052 1176 2093 Crimenque
1201 2060 1363 2086 removeas

1034 2101 1149 2133 Odoris
1173 2101 1289 2133 illiciti.

987 2188 1068 2230 Ave,
1096 2188 1176 2219 coeli
1201 2188 1314 2228 lilium,

987 2235 1111 2276 Regina
1137 2236 1330 2275 coelestium,

1036 2284 1185 2317 Paradisi
1212 2284 1348 2322 domina,

988 2331 1063 2363 Meo
1088 2341 1173 2364 nunc
1197 2333 1230 2364 in
1257 2339 1390 2372 corpore

987 2379 1137 2420 Digneris
1162 2380 1347 2420 abstergere

1040 2427 1133 2461 Pravi
1158 2432 1262 2462 tactus
1289 2427 1430 2460 crimina.
