1653 2668
189 235 266 270 115.
280 236 347 269 Fili
370 235 431 269 Dei
457 235 612 275 amabilis,
961 233 1013 267 He
1034 234 1096 265 iste
1120 234 1213 264 sonat,
1236 232 1413 273 proprium,

279 284 341 316 Via
362 282 581 324 infatigabilis,
961 282 1034 314 Vau
1054 281 1132 320 vita,
1157 279 1236 313 :soth
1260 280 1464 320 principium,

280 332 364 364 Vitis
388 330 677 370 immarcessibilis;
961 329 1048 361 Heth
1074 327 1231 369 passionis
1256 327 1386 361 obitum.

281 380 420 420 Spiritus
444 378 625 418 invisibilis,
960 376 1076 409 Latine
1100 375 1147 407 sic
1171 375 1349 416 expositum

280 427 379 467 Patri,
405 428 479 458 nato
504 425 649 467 visibilis,
867 424 1021 459 165.Est
1043 423 1188 457 Christus
1214 423 1280 456 vita
1303 423 1453 456 omnium.

187 474 265 507 120.
279 475 438 515 Splendor
461 472 747 513 inexstinguibilis3
958 473 1024 505 Iste
1049 473 1135 505 vitae
1158 471 1352 511 principium

278 522 395 554 Trinus
419 520 654 560 inseparabilis,
959 520 1021 552 Per
1045 521 1188 559 mortem,
1218 527 1278 559 per
1302 518 1490 560 patibulum,

277 569 368 602 Unus
393 567 606 610 indivisibilis,
958 569 1022 601 Per
1044 567 1202 608 passionis
1228 566 1360 600 obitum.

277 617 364 649 Deus
387 615 621 658 inenarrabilis,
957 616 1021 648 Per
1045 615 1106 647 hoc
1129 623 1243 646 nomen
1267 614 1456 655 piissimum,

277 664 327 696 Sis
353 665 456 695 custos
481 662 687 705 invincibilis,
864 663 942 696 170.
955 662 1124 701 Terribile,
1151 662 1360 703 mitissimum,

185 712 262 744 125.
276 711 387 744 Murus
412 710 606 742 inviolabilis
955 710 1049 743 Diem
1078 710 1217 742 concede
1240 719 1440 750 prosperum,

276 759 367 801 Mihi,
392 757 480 791 Deus
504 757 693 800 laudabilis3
955 760 1117 791 Aeteruae
1145 757 1231 790 vitae
1252 758 1438 798 praemium,

275 806 325 838 Ne
349 807 393 838 sis
417 805 494 837 mihi
519 805 683 848 terribilis,
955 805 1138 839 Praesentis
1163 805 1250 837 vitae
1273 805 1425 845 gaudium

274 854 353 886 Esto
377 853 456 885 mihi
478 853 658 895 placabilis,
953 854 1008 895 Et,
1034 852 1119 894 qnod
1145 855 1192 884 est
1216 853 1441 894 necessarlum,

274 901 378 941 Super
402 909 452 932 me
478 900 701 941 deprecabiliS,
863 901 940 936 175.
955 902 1007 934 Da
1032 900 1119 943 mihi,
1146 898 1251 932 factor
1276 900 1424 932 omnium.

183 950 260 983 130.
273 949 392 982 Libera
415 957 467 979 me
490 948 531 981 ab
557 948 699 989 aemulis,
953 950 1041 982 Deus
1067 948 1239 981 communis
1263 948 1412 990 omnium,

273 996 325 1029 Ab
350 996 521 1037 impiorum
544 996 665 1036 laqueis
954 996 1019 1029 Per
1042 997 1103 1029 1100
1123 1004 1237 1027 nomen
1254 996 1487 1028 sanctissimum

275 1044 319 1076 Et
342 1054 361 1076 a
386 1044 506 1076 cunctis
531 1043 694 1084 periculis,
953 1045 1033 1077 Esto
1058 1044 1153 1086 salus,
1181 1042 1339 1084 refugium

273 1092 324 1124 Ab
350 1090 494 1123 omnibus
518 1091 655 1123 1115111115.
953 1092 1037 1124 Mihi
1062 1095 1095 1124 et
1117 1091 1311 1131 adjutorium

321 1139 423 1171 Verus
447 1138 543 1177 Deus,
570 1147 663 1170 verus
688 1138 749 1179 Ia,
862 1140 940 1173 180.
953 1140 998 1173 Et
1022 1140 1138 1180 ubique
1162 1139 1368 1179 praesidium.

180 1187 258 1220 135.
273 1187 402 1219 Exaudi
424 1195 476 1217 me
499 1189 530 1217 et
554 1186 681 1229 adjuva,
951 1188 1099 1228 Exsurge
1123 1189 1233 1219 cont-ra
1257 1187 1366 1219 odium

274 1234 324 1267 Ab
349 1233 434 1267 omni
458 1234 541 1265 malo
565 1233 678 1274 libera,
952 1236 1156 1268 Inimicorum
1181 1234 1320 1267 omnium

271 1282 359 1314 Audi
383 1289 453 1313 mea
475 1281 659 1321 precamina
952 1283 1007 1315 Me
1032 1290 1156 1323 quoque
1179 1282 1437 1323 persequentium

271 1330 317 1362 Et
342 1329 465 1362 dimitte
488 1329 681 1370 peccamina,
951 1331 997 1363 Et
1016 1331 1051 1363 in
1075 1338 1126 1362 me
1149 1330 1390 1371 insurgentium.

271 1377 366 1409 Solve
389 1385 541 1409 nexorum
565 1376 693 1408 vincula
859 1379 937 1411 185.
952 1380 1002 1411 Tu
1028 1379 1157 1410 destrue
1182 1378 1349 1409 consilium

178 1425 255 1458 140.
270 1425 315 1457 Et
340 1425 381 1457 da
406 1424 514 1464 quieta
536 1427 681 1464 tempora
950 1427 1084 1460 Illorum
1109 1427 1141 1457 et
1166 1425 1302 1466 eloqium

950 1474 1110 1507 Invidiam
1135 1475 1168 1505 et
1189 1473 1298 1505 odium

951 1523 1017 1562 Quo
1044 1523 1154 1554 contra
1176 1529 1228 1552 me
1250 1521 1405 1553 insiliunt.

949 1571 1013 1603 Per
1037 1570 1098 1602 hoc
1117 1577 1232 1601 nomen
1249 1569 1483 1600 sanctissimum

857 1617 935 1650 190.
949 1618 1037 1657 Quod
1064 1625 1124 1658 per
1149 1616 1251 1648 crucis
1276 1616 1464 1656 mysterium

951 1664 1160 1705 Complevisti
1182 1673 1241 1695 rex
1264 1664 1421 1704 inclitum,

951 1713 1013 1745 Per
1036 1712 1263 1753 procedentem
1288 1711 1435 1751 spiritum

950 1761 1001 1793 Ab
1028 1763 1161 1799 utroque
1184 1759 1385 1800 paraclitum,

950 1810 1037 1849 Quae
1061 1807 1114 1840 hic
1137 1809 1171 1839 te
1194 1808 1383 1847 deprecatus
1400 1817 1479 1851 sum,

858 1856 934 1889 195.
949 1858 1001 1890 Da
1024 1855 1112 1895 mihi,
1139 1853 1243 1887 factor
1268 1855 1416 1889 omnium.

995 1904 1066 1936 Rex
1091 1902 1221 1936 Sadai
1246 1903 1457 1945 omnipotens,

949 1952 1021 1984 Rex
1045 1951 1228 1991 angelorum
1253 1954 1458 1992 praepotens,

948 2000 1003 2032 Ad
1027 1999 1132 2031 omnia
1153 1997 1326 2041 sufficiens,

949 2048 1099 2081 Justitiae
1122 2047 1171 2079 sol
1195 2047 1312 2089 oriens,

855 2095 1080 2137 200.Lumen,
1106 2095 1162 2126 lux
1184 2094 1384 2137 indeficiens,

949 2143 1070 2184 Sophia
1093 2143 1195 2183 patris
1220 2143 1368 2185 sapiens3

950 2191 1089 2231 Spiritus
1114 2194 1244 2224 sanctus
1268 2192 1448 2232 procedens

948 2239 1000 2272 Ab
1025 2241 1171 2280 utroque,
1198 2243 1314 2272 cuncta
1337 2242 1458 2280 tenens,

950 2287 1070 2328 Sciens,
1097 2288 1221 2329 videns,
1245 2288 1446 2329 intelligens3

854 2337 935 2370 205.
948 2336 1066 2368 Trinus
1090 2345 1171 2368 unus
1196 2336 1428 2377 cunctipotens,

950 2384 1001 2417 Sis
1025 2384 1105 2416 mihi
1128 2384 1200 2425 pius
1226 2387 1258 2416 et
1282 2384 1431 2426 clemens,

948 2432 1134 2465 Misericors
1160 2435 1192 2464 et
1215 2432 1352 2473 patiens,

270 1473 334 1505 Per
357 1473 437 1504 haec
460 1475 587 1504 sacrata
610 1471 738 1508 nomina

270 1521 339 1552 Tua
362 1520 449 1552 Deus
474 1520 685 1553 sanctissima.

269 1569 332 1601 Per
349 1568 409 1600 hoc
425 1576 538 1600 nomen
555 1568 798 1609 sanctissimum,

269 1616 420 1656 Magnum
445 1618 540 1655 atque
564 1614 782 1656 fortissimum,

176 1664 256 1697 145.
271 1663 452 1696 Gloriosum
477 1665 510 1694 et
530 1663 687 1703 inclitum,

270 1712 334 1744 Per
357 1711 441 1752 quod
457 1711 563 1742 Adam
582 1711 616 1742 in
633 1714 799 1753 tartarum,

269 1759 354 1791 Dum
380 1761 464 1791 esset
487 1759 519 1790 in
543 1759 735 1798 supplicium

270 1807 307 1839 ln
331 1805 451 1839 inferni
473 1806 695 1847 miserrimum,

269 1855 316 1886 Te
339 1854 524 1886 reclamavit
549 1854 730 1895 Dominum,

177 1902 255 1936 150.
270 1901 367 1934 Suum
393 1900 545 1934 factorem
570 1902 746 1943 proprium,

268 1950 313 1982 Et
335 1950 448 1983 habuit
471 1950 655 1989 propitium.

269 1998 340 2030 Hoc
363 2006 474 2030 nomen
500 1998 758 2039 sacratissimum,

269 2046 349 2086 Rex,
376 2045 537 2085 explicare
561 2048 721 2086 nequeunt

269 2093 383 2126 Omnes
408 2093 534 2134 linguae
558 2093 733 2126 viventium

175 2142 192 2174 1
199 2143 217 2175 5
223 2143 253 2174 5.
268 2141 337 2173 Nec
344 2150 432 2174 mens
441 2149 502 2172 nec
509 2150 620 2173 sensus
625 2141 796 2174 hominum.

268 2189 453 2229 Nomenque
477 2188 697 2230 anecfoneton,

266 2237 357 2277 Quod
381 2236 487 2269 fronte
510 2238 586 2269 tulit
608 2238 719 2270 Aaron

268 2284 432 2325 Sculptum
445 2293 503 2325 per
515 2288 797 2326 tetragrammaton

268 2332 408 2371 Quatuor
432 2333 562 2373 gemmis
586 2333 622 2365 in
648 2335 796 2374 petalon:

176 2381 254 2414 160.
268 2381 288 2414 J
291 2380 355 2422 oth,
378 2379 440 2421 He,
457 2381 538 2422 Vau,
556 2381 644 2413 Heth
660 2382 796 2416 Hebrai-

572 2438 652 2463 cum.
