1653 2668
707 130 941 168 -77,

186 229 218 262 6.
246 230 284 263 ln
310 237 425 262 cruore
447 229 577 270 penitus

291 278 401 310 Venae
433 280 618 320 vacuantur,

243 325 370 359 Marcet
393 323 482 358 frons
508 330 541 358 et
569 325 678 368 facieS‚

290 374 401 414 Rugae
425 378 647 414 procreantur,

245 421 369 454 clausis
386 431 489 463 prope
512 422 595 455 ciliis

293 470 385 504 Oculi
409 473 589 511 versantur,

244 517 351 551 Sudor
375 519 487 551 mortis
514 518 632 560 exsilit,

293 566 418 600 Fauces
445 567 663 608 congelantur.

188 645 218 677 7.
245 642 400 686 Adspice,
426 644 455 676 si
478 644 658 684 praevales

294 692 413 732 Mater,
437 691 523 724 hunc
549 692 701 733 dolorem,

246 740 359 773 Rubor
381 740 487 773 vultus
514 740 653 780 qualiter

295 787 427 820 Transit
449 788 483 820 in
507 787 674 828 pallorem,

246 836 374 876 Manus,
400 836 501 877 pedes
527 836 665 877 qualiter

293 883 456 917 Emittunt
479 892 633 926 cruorem,

248 931 334 971 Quae
357 931 496 964 materni
519 931 660 972 pectoris

289 980 460 1013 Cumulant
487 988 675 1012 moerorem.

191 1057 223 1090 8.
249 1056 369 1097 Rigent
391 1060 485 1089 tensa
507 1056 620 1098 stipite

293 1105 433 1137 Brachia
456 1114 601 1145 procera,

248 1152 355 1186 Decor
378 1153 485 1185 vultus
510 1153 665 1193 pristinus

294 1201 462 1241 Liquescit
485 1204 523 1232 ut
545 1210 631 1242 cera,

248 1248 371 1290 Corpus
397 1249 496 1282 clavis
522 1250 645 1290 asperis

297 1297 423 1330 Pendet
445 1298 479 1329 in
504 1300 635 1340 statera,

248 1344 295 1379 Ut
318 1345 365 1377 sic
389 1345 542 1378 vaticinia

297 1394 415 1426 Vatum
438 1392 519 1425 fiant
543 1401 628 1427 vera.

192 1470 225 1502 9.
247 1469 320 1501 Jam
347 1477 408 1501 nec
433 1469 530 1501 decor
553 1469 636 1501 ullus
663 1472 712 1501 est

298 1516 370 1548 Nec
395 1518 491 1549 decus
516 1517 549 1548 in
574 1526 638 1557 ore,

248 1566 354 1597 Aures
379 1564 460 1597 nihil
489 1565 624 1598 audiunt

299 1612 400 1646 Solito
428 1613 468 1645 de
490 1621 589 1653 more,

248 1660 358 1694 Rubet
381 1661 466 1693 latus
487 1661 636 1704 nitidum,

299 1708 424 1741 Gaudet
445 1709 480 1741 in
505 1710 629 1749 pallore

250 1759 377 1800 Pectus,
404 1760 502 1790 ruunt
525 1766 628 1798 genua

295 1805 454 1838 Ponderis
477 1805 597 1846 vigore.

165 1879 222 1913 10.
248 1878 321 1912 Jam
348 1878 551 1911 dextrorsum
574 1877 713 1911 nitidum

296 1926 401 1968 Caput
423 1927 608 1967 reclinatur,

250 1975 307 2009 Gai
333 1983 368 2008 se
392 1974 517 2015 plicans
542 1975 674 2007 nimium

294 2023 422 2057 Collum
446 2022 631 2066 famulatur,

245 2073 369 2105 Horret
395 2081 486 2105 coma
512 2071 638 2113 capitis,

292 2121 376 2153 Arte
400 2129 464 2154 non
490 2123 631 2162 aptatur,

245 2171 347 2204 Immo
372 2169 461 2202 venti
485 2168 616 2201 flatibus

293 2217 367 2251 Huc
388 2218 467 2250 illue
491 2220 633 2259 vagatur.

160 2292 215 2326 11.
243 2292 269 2325 O
293 2291 396 2332 dolor,
422 2299 483 2323 nec
505 2291 631 2323 mortuo

293 2340 355 2373 Vel
380 2339 428 2372 sic
451 2341 676 2383 pepercerunt,

244 2389 269 2423 O
296 2396 432 2433 moeror,
460 2388 508 2420 sic
532 2388 646 2420 lancea

290 2437 392 2471 Latus
417 2435 658 2479 transfixerunt,

851 452 906 485 12.

851 864 905 898 13.

852 1276 907 1311 14.

856 1685 910 1718 15.

855 2096 909 2129 16.

934 231 960 264 O
986 231 1101 273 scelnS,
1126 232 1164 262 ut
1186 229 1240 261 hic
1263 232 1297 262 et
1319 230 1400 262 haec

976 279 1048 312 Hoc
1071 279 1174 310 scelus
1199 280 1378 318 senserunt,

935 327 989 360 Sol
1012 329 1045 359 et
1067 326 1143 359 luna
1166 325 1290 366 pariter

978 374 1133 408 Tenebris
1158 375 1331 407 cesserunt.

932 452 1063 493 Plange,
1087 452 1198 495 mater,
1225 449 1337 491 filium,

978 499 1072 532 Nunc
1096 502 1219 539 tempus
1244 498 1427 539 plangendi,

931 547 1048 588 Ingens
1075 550 1121 579 est
1146 547 1281 579 materia

980 595 1143 635 Causaque
1167 595 1318 635 dolendi3

938 645 1039 684 ηἨθΠ,
1065 642 1110 676 mi
1133 642 1213 683 fili‚‹
1241 645 1366 683 tempus
1392 644 1441 674 est

980 691 1099 726 Crebro
1123 691 1291 731 repetendi

931 739 977 772 Et
1002 740 1150 772 decentes
1178 738 1293 780 digitos

982 787 1041 820 Vel
1066 796 1178 820 manus
1203 786 1384 827 torquendi.

932 864 1049 905 Mater,
1077 866 1173 905 caput
1197 864 1283 905 agita

979 912 1132 945 Manibus
1155 911 1282 951 levatis,

932 960 1065 993 Terram
1090 969 1206 1001 sparge
1231 960 1329 1000 capiti

980 1008 1085 1041 Gomis
1112 1008 1273 1049 laceratis,

932 1055 1058 1096 Rumpe
1082 1059 1204 1088 vestem
1227 1055 1381 1098 pectoris,

980 1105 1096 1137 Pectus
1121 1105 1252 1144 pietatis

937 1151 1015 1184 Cum
1039 1152 1164 1193 sugenti
1188 1152 1332 1192 pandere

981 1200 1182 1233 Consuevisti
1198 1199 1307 1241 gratis.

935 1277 1041 1310 Auras
1064 1277 1194 1317 replens
1219 1276 1413 1318 quaestibus,

980 1325 1097 1368 Mater,
1124 1333 1253 1367 gemens
1277 1325 1380 1365 plora,

937 1372 1059 1406 Imbres
1087 1373 1190 1405 crebri
1214 1372 1346 1405 fletuum

981 1419 1134 1453 Defluant
1156 1429 1216 1461 per
1241 1429 1308 1462 ora,

937 1468 1058 1501 Terrae
1082 1467 1144 1509 fige
1168 1477 1280 1509 genua,

987 1518 1145 1550 corruens
1171 1517 1281 1556 adora,

935 1564 980 1597 Et
1003 1563 1151 1596 foedetur
1175 1565 1308 1604 pulvere

985 1612 1099 1646 Facies
1125 1613 1250 1645 decora.

937 1683 962 1716 Ο
989 1684 1058 1725 quis
1085 1684 1179 1725 digne
1203 1687 1348 1717 numeret

986 1733 1101 1766 Omnes
1125 1732 1184 1765 hos
1203 1731 1341 1776 labores,

937 1781 1020 1820 Quos
1043 1790 1102 1821 pro
1128 1780 1219 1813 nobis
1244 1790 1358 1821 passus
1385 1784 1434 1814 est

984 1829 1077 1862 Jesus
1102 1831 1134 1860 et
1157 1830 1337 1870 languores,

937 1876 1021 1909 Vere
1044 1879 1171 1910 nostros
1195 1878 1328 1918 pertulit

984 1925 1048 1971 Hic
1074 1926 1184 1960 dolens
1211 1926 1346 1970 dolores,

937 1973 1061 2007 Reddit
1083 1975 1154 2015 ipse
1180 1973 1322 2007 debitum

983 2022 1029 2055 Et
1052 2032 1115 2055 non
1140 2022 1312 2056 debitores.

936 2094 1131 2128 Nicodemus
1154 2097 1188 2128 et
1208 2097 1331 2137 Joseph

984 2144 1071 2176 Ecce
1097 2147 1321 2189 convenerunt,

936 2192 1092 2233 Myrrhae
1116 2195 1212 2234 atque
1236 2193 1323 2226 aloes

982 2240 1160 2274 Mixturam
1184 2242 1337 2281 tulerunt,

937 2290 1015 2322 Post
1040 2289 1080 2322 de
1103 2290 1208 2332 plagis
1234 2293 1369 2331 quatuor

985 2337 1098 2371 Claves
1133 2341 1341 2372 extraxerunt

936 2387 980 2420 Et
1004 2388 1044 2420 de
1070 2388 1173 2420 crucis
1197 2387 1308 2429 stipite

983 2436 1079 2469 Hunc
1103 2436 1329 2478 deposuerunt,
