<?xml version="1.0" encoding="UTF-8"?>
<!DOCTYPE html PUBLIC "-//W3C//DTD XHTML 1.0 Transitional//EN"
    "http://www.w3.org/TR/xhtml1/DTD/xhtml1-transitional.dtd">
<html xmlns="http://www.w3.org/1999/xhtml" xml:lang="en" lang="en">
 <head>
  <title>
</title>
<meta http-equiv="Content-Type" content="text/html;charset=utf-8" />
  <meta name='ocr-system' content='tesseract 3.04.00' />
  <meta name='ocr-capabilities' content='ocr_page ocr_carea ocr_par ocr_line ocrx_word'/>
</head>
<body>
  <div class='ocr_page' id='page_1' title='image "./analectahymnica15drevuoft_00117.png"; bbox 0 0 1653 2668; ppageno 0'>
   <div class='ocr_carea' id='block_1_1' title="bbox 724 144 984 180">
    <p class='ocr_par' dir='ltr' id='par_1_1' title="bbox 724 144 984 180">
     <span class='ocr_line' id='line_1_1' title="bbox 724 144 984 180; baseline 0 0"><span class='ocrx_word' id='word_1_1' title='bbox 724 144 984 180; x_wconf 74' lang='lat'>—114—</span> 
     </span>
    </p>
   </div>
   <div class='ocr_carea' id='block_1_2' title="bbox 194 242 742 1006">
    <p class='ocr_par' dir='ltr' id='par_1_2' title="bbox 197 242 721 615">
     <span class='ocr_line' id='line_1_2' title="bbox 197 242 721 279; baseline -0.013 0"><span class='ocrx_word' id='word_1_2' title='bbox 197 248 227 279; x_wconf 93' lang='grc'>6.</span> <span class='ocrx_word' id='word_1_3' title='bbox 252 245 298 278; x_wconf 88' lang='lat' dir='ltr'>Et</span> <span class='ocrx_word' id='word_1_4' title='bbox 320 254 404 278; x_wconf 80' lang='lat' dir='ltr'>nunc</span> <span class='ocrx_word' id='word_1_5' title='bbox 427 252 547 276; x_wconf 92' lang='lat' dir='ltr'>summe</span> <span class='ocrx_word' id='word_1_6' title='bbox 570 242 721 275; x_wconf 88' lang='lat' dir='ltr'>creatoris</span> 
     </span>
     <span class='ocr_line' id='line_1_3' title="bbox 255 290 629 333; baseline -0.011 -8"><span class='ocrx_word' id='word_1_7' title='bbox 255 293 380 333; x_wconf 80' lang='lat' dir='ltr'>Sponsa</span> <span class='ocrx_word' id='word_1_8' title='bbox 403 290 629 332; x_wconf 83' lang='lat' dir='ltr'>gloriosissima</span> 
     </span>
     <span class='ocr_line' id='line_1_4' title="bbox 253 336 682 381; baseline -0.012 -8"><span class='ocrx_word' id='word_1_9' title='bbox 253 342 360 381; x_wconf 81' lang='lat' dir='ltr'><strong>Atque</strong></span> <span class='ocrx_word' id='word_1_10' title='bbox 382 339 490 372; x_wconf 85' lang='lat' dir='ltr'>mundi</span> <span class='ocrx_word' id='word_1_11' title='bbox 516 336 682 370; x_wconf 87' lang='lat' dir='ltr'>salvatoris</span> 
     </span>
     <span class='ocr_line' id='line_1_5' title="bbox 253 386 619 427; baseline -0.011 -7"><span class='ocrx_word' id='word_1_12' title='bbox 253 388 359 420; x_wconf 80' lang='lat' dir='ltr'><strong>Mater</strong></span> <span class='ocrx_word' id='word_1_13' title='bbox 382 386 619 427; x_wconf 88' lang='lat' dir='ltr'>pretiosissima,</span> 
     </span>
     <span class='ocr_line' id='line_1_6' title="bbox 253 433 653 475; baseline -0.01 -8"><span class='ocrx_word' id='word_1_14' title='bbox 253 435 349 475; x_wconf 84' lang='lat' dir='ltr'>Virgo</span> <span class='ocrx_word' id='word_1_15' title='bbox 372 433 524 473; x_wconf 85' lang='lat' dir='ltr'>insignita</span> <span class='ocrx_word' id='word_1_16' title='bbox 547 433 653 473; x_wconf 86' lang='lat' dir='ltr'>moris,</span> 
     </span>
     <span class='ocr_line' id='line_1_7' title="bbox 252 480 633 522; baseline -0.005 -9"><span class='ocrx_word' id='word_1_17' title='bbox 252 482 359 522; x_wconf 87' lang='lat' dir='ltr'>Stirpe</span> <span class='ocrx_word' id='word_1_18' title='bbox 383 480 633 522; x_wconf 86' lang='lat' dir='ltr'>generosissima,</span> 
     </span>
     <span class='ocr_line' id='line_1_8' title="bbox 253 527 696 562; baseline -0.007 -1"><span class='ocrx_word' id='word_1_19' title='bbox 253 530 359 562; x_wconf 87' lang='lat' dir='ltr'>Omnis</span> <span class='ocrx_word' id='word_1_20' title='bbox 383 528 486 561; x_wconf 86' lang='lat' dir='ltr'>laudis</span> <span class='ocrx_word' id='word_1_21' title='bbox 513 530 542 559; x_wconf 85' lang='lat' dir='ltr'>et</span> <span class='ocrx_word' id='word_1_22' title='bbox 567 527 696 559; x_wconf 87' lang='lat' dir='ltr'>honoris</span> 
     </span>
     <span class='ocr_line' id='line_1_9' title="bbox 249 575 656 615; baseline -0.005 -6"><span class='ocrx_word' id='word_1_23' title='bbox 249 577 300 609; x_wconf 84' lang='lat' dir='ltr'>Ex</span> <span class='ocrx_word' id='word_1_24' title='bbox 324 576 436 608; x_wconf 91' lang='lat' dir='ltr'>merito</span> <span class='ocrx_word' id='word_1_25' title='bbox 462 575 656 615; x_wconf 84' lang='lat' dir='ltr'>dignissima.</span> 
     </span>
    </p>

    <p class='ocr_par' dir='ltr' id='par_1_3' title="bbox 194 632 742 720">
     <span class='ocr_line' id='line_1_10' title="bbox 194 632 742 672; baseline -0.005 -6"><span class='ocrx_word' id='word_1_26' title='bbox 194 636 223 666; x_wconf 80' lang='lat'>7.</span> <span class='ocrx_word' id='word_1_27' title='bbox 249 633 341 665; x_wconf 86' lang='lat' dir='ltr'>Fecit</span> <span class='ocrx_word' id='word_1_28' title='bbox 363 636 404 672; x_wconf 89' lang='lat' dir='ltr'>te,</span> <span class='ocrx_word' id='word_1_29' title='bbox 432 632 485 672; x_wconf 81' lang='lat' dir='ltr'>qui</span> <span class='ocrx_word' id='word_1_30' title='bbox 510 640 568 672; x_wconf 89' lang='lat' dir='ltr'>pcr</span> <span class='ocrx_word' id='word_1_31' title='bbox 592 634 625 663; x_wconf 85' lang='lat' dir='ltr'>tc</span> <span class='ocrx_word' id='word_1_32' title='bbox 650 634 742 664; x_wconf 87' lang='lat' dir='ltr'>natus</span> 
     </span>
     <span class='ocr_line' id='line_1_11' title="bbox 250 678 612 720; baseline -0.008 -7"><span class='ocrx_word' id='word_1_33' title='bbox 250 681 333 713; x_wconf 88' lang='lat' dir='ltr'>Deus</span> <span class='ocrx_word' id='word_1_34' title='bbox 360 681 400 712; x_wconf 83' lang='lat' dir='ltr'>de</span> <span class='ocrx_word' id='word_1_35' title='bbox 423 679 490 711; x_wconf 91' lang='lat' dir='ltr'>Deo</span> <span class='ocrx_word' id='word_1_36' title='bbox 515 678 612 720; x_wconf 89' lang='lat' dir='ltr'>filius,</span> 
     </span>
    </p>

    <p class='ocr_par' dir='ltr' id='par_1_4' title="bbox 246 727 706 1006">
     <span class='ocr_line' id='line_1_12' title="bbox 249 727 706 768; baseline -0.004 -8"><span class='ocrx_word' id='word_1_37' title='bbox 249 728 312 760; x_wconf 85' lang='lat' dir='ltr'>Sed</span> <span class='ocrx_word' id='word_1_38' title='bbox 337 737 395 768; x_wconf 88' lang='lat' dir='ltr'>pro</span> <span class='ocrx_word' id='word_1_39' title='bbox 420 727 511 759; x_wconf 87' lang='lat' dir='ltr'>nobis</span> <span class='ocrx_word' id='word_1_40' title='bbox 537 729 706 767; x_wconf 82' lang='lat' dir='ltr'>generatus</span> 
     </span>
     <span class='ocr_line' id='line_1_13' title="bbox 248 775 603 817; baseline -0.008 -9"><span class='ocrx_word' id='word_1_41' title='bbox 248 776 410 815; x_wconf 76' lang='lat' dir='ltr'>Apparuit</span> <span class='ocrx_word' id='word_1_42' title='bbox 434 775 603 817; x_wconf 84' lang='lat' dir='ltr'>propitius,</span> 
     </span>
     <span class='ocr_line' id='line_1_14' title="bbox 249 823 676 865; baseline 0 -11"><span class='ocrx_word' id='word_1_43' title='bbox 249 824 468 862; x_wconf 87' lang='lat' dir='ltr'>Circumcisus,</span> <span class='ocrx_word' id='word_1_44' title='bbox 494 823 676 865; x_wconf 88' lang='lat' dir='ltr'>tumulatus,</span> 
     </span>
     <span class='ocr_line' id='line_1_15' title="bbox 248 870 682 911; baseline 0 -9"><span class='ocrx_word' id='word_1_45' title='bbox 248 870 385 911; x_wconf 86' lang='lat' dir='ltr'>Surgens</span> <span class='ocrx_word' id='word_1_46' title='bbox 410 870 553 902; x_wconf 83' lang='lat' dir='ltr'>ascendit</span> <span class='ocrx_word' id='word_1_47' title='bbox 575 871 682 911; x_wconf 87' lang='lat' dir='ltr'>altius,</span> 
     </span>
     <span class='ocr_line' id='line_1_16' title="bbox 247 918 667 961; baseline -0.002 -11"><span class='ocrx_word' id='word_1_48' title='bbox 247 919 330 961; x_wconf 89' lang='lat' dir='ltr'>Ipse,</span> <span class='ocrx_word' id='word_1_49' title='bbox 356 920 467 957; x_wconf 90' lang='lat' dir='ltr'>mater,</span> <span class='ocrx_word' id='word_1_50' title='bbox 494 918 667 950; x_wconf 83' lang='lat' dir='ltr'>advocatus</span> 
     </span>
     <span class='ocr_line' id='line_1_17' title="bbox 246 964 665 1006; baseline 0.002 -9"><span class='ocrx_word' id='word_1_51' title='bbox 246 965 309 997; x_wconf 83' lang='lat' dir='ltr'>Per</span> <span class='ocrx_word' id='word_1_52' title='bbox 332 968 366 997; x_wconf 89' lang='lat' dir='ltr'>te</span> <span class='ocrx_word' id='word_1_53' title='bbox 388 964 447 998; x_wconf 80' lang='lat' dir='ltr'>fiat</span> <span class='ocrx_word' id='word_1_54' title='bbox 469 968 564 1005; x_wconf 79' lang='lat' dir='ltr'>atque</span> <span class='ocrx_word' id='word_1_55' title='bbox 582 966 665 1006; x_wconf 79' lang='lat' dir='ltr'>piuS.</span> 
     </span>
    </p>
   </div>
   <div class='ocr_carea' id='block_1_3' title="bbox 191 1023 723 1390">
    <p class='ocr_par' dir='ltr' id='par_1_5' title="bbox 191 1023 659 1207">
     <span class='ocr_line' id='line_1_18' title="bbox 191 1023 592 1062; baseline -0.005 -7"><span class='ocrx_word' id='word_1_56' title='bbox 191 1023 221 1055; x_wconf 88' lang='lat'>8.</span> <span class='ocrx_word' id='word_1_57' title='bbox 247 1023 405 1062; x_wconf 84' lang='lat' dir='ltr'>Deposuit</span> <span class='ocrx_word' id='word_1_58' title='bbox 430 1025 461 1053; x_wconf 86' lang='lat' dir='ltr'>et</span> <span class='ocrx_word' id='word_1_59' title='bbox 485 1023 592 1062; x_wconf 87' lang='lat' dir='ltr'>posuit</span> 
     </span>
     <span class='ocr_line' id='line_1_19' title="bbox 249 1070 600 1110; baseline -0.006 -7"><span class='ocrx_word' id='word_1_60' title='bbox 249 1070 393 1103; x_wconf 85' lang='lat' dir='ltr'>Omnium</span> <span class='ocrx_word' id='word_1_61' title='bbox 418 1070 600 1110; x_wconf 80' lang='lat' dir='ltr'>iniquitates</span> 
     </span>
     <span class='ocr_line' id='line_1_20' title="bbox 247 1117 659 1157; baseline 0 -8"><span class='ocrx_word' id='word_1_62' title='bbox 247 1117 350 1157; x_wconf 83' lang='lat' dir='ltr'>Super</span> <span class='ocrx_word' id='word_1_63' title='bbox 373 1127 408 1150; x_wconf 89' lang='lat' dir='ltr'>se</span> <span class='ocrx_word' id='word_1_64' title='bbox 430 1120 525 1157; x_wconf 83' lang='lat' dir='ltr'>atque</span> <span class='ocrx_word' id='word_1_65' title='bbox 548 1118 659 1150; x_wconf 77' lang='lat' dir='ltr'>tribuit</span> 
     </span>
     <span class='ocr_line' id='line_1_21' title="bbox 247 1163 611 1207; baseline -0.003 -10"><span class='ocrx_word' id='word_1_66' title='bbox 247 1166 405 1197; x_wconf 86' lang='lat' dir='ltr'>Aeternas</span> <span class='ocrx_word' id='word_1_67' title='bbox 431 1163 611 1207; x_wconf 82' lang='lat' dir='ltr'>felicitates,</span> 
     </span>
    </p>

    <p class='ocr_par' dir='ltr' id='par_1_6' title="bbox 246 1212 723 1390">
     <span class='ocr_line' id='line_1_22' title="bbox 248 1212 681 1253; baseline 0 -9"><span class='ocrx_word' id='word_1_68' title='bbox 248 1212 302 1244; x_wconf 88' lang='lat' dir='ltr'>Sic</span> <span class='ocrx_word' id='word_1_69' title='bbox 327 1214 397 1253; x_wconf 89' lang='lat' dir='ltr'>erit,</span> <span class='ocrx_word' id='word_1_70' title='bbox 423 1215 459 1243; x_wconf 91' lang='lat' dir='ltr'>ut</span> <span class='ocrx_word' id='word_1_71' title='bbox 484 1215 532 1244; x_wconf 84' lang='lat' dir='ltr'>cst</span> <span class='ocrx_word' id='word_1_72' title='bbox 557 1215 588 1243; x_wconf 91' lang='lat' dir='ltr'>et</span> <span class='ocrx_word' id='word_1_73' title='bbox 610 1212 681 1253; x_wconf 89' lang='lat' dir='ltr'>fuit,</span> 
     </span>
     <span class='ocr_line' id='line_1_23' title="bbox 246 1260 723 1301; baseline 0.002 -10"><span class='ocrx_word' id='word_1_74' title='bbox 246 1260 377 1299; x_wconf 72' lang='lat' dir='ltr'>Quando</span> <span class='ocrx_word' id='word_1_75' title='bbox 403 1268 514 1291; x_wconf 86' lang='lat' dir='ltr'>creans</span> <span class='ocrx_word' id='word_1_76' title='bbox 539 1263 723 1301; x_wconf 80' lang='lat' dir='ltr'>potestates,</span> 
     </span>
     <span class='ocr_line' id='line_1_24' title="bbox 246 1307 677 1347; baseline -0.002 -7"><span class='ocrx_word' id='word_1_77' title='bbox 246 1308 284 1340; x_wconf 87' lang='lat' dir='ltr'>In</span> <span class='ocrx_word' id='word_1_78' title='bbox 310 1311 451 1347; x_wconf 88' lang='lat' dir='ltr'>tempore</span> <span class='ocrx_word' id='word_1_79' title='bbox 477 1307 549 1339; x_wconf 87' lang='lat' dir='ltr'>dum</span> <span class='ocrx_word' id='word_1_80' title='bbox 573 1308 677 1340; x_wconf 86' lang='lat' dir='ltr'>induit</span> 
     </span>
     <span class='ocr_line' id='line_1_25' title="bbox 247 1354 653 1390; baseline 0 -3"><span class='ocrx_word' id='word_1_81' title='bbox 247 1355 383 1387; x_wconf 81' lang='lat' dir='ltr'>Nostras</span> <span class='ocrx_word' id='word_1_82' title='bbox 407 1354 653 1390; x_wconf 84' lang='lat' dir='ltr'>imbecillitates,</span> 
     </span>
    </p>
   </div>
   <div class='ocr_carea' id='block_1_4' title="bbox 900 243 931 275">
    <p class='ocr_par' dir='ltr' id='par_1_7' title="bbox 900 243 931 275">
     <span class='ocr_line' id='line_1_26' title="bbox 900 243 931 275; baseline -0.065 0"><span class='ocrx_word' id='word_1_83' title='bbox 900 243 931 275; x_wconf 85' lang='lat'>9.</span> 
     </span>
    </p>
   </div>
   <div class='ocr_carea' id='block_1_5' title="bbox 875 633 928 665">
    <p class='ocr_par' dir='ltr' id='par_1_8' title="bbox 875 633 928 665">
     <span class='ocr_line' id='line_1_27' title="bbox 875 633 928 665; baseline 0 0"><span class='ocrx_word' id='word_1_84' title='bbox 875 633 928 665; x_wconf 82' lang='lat'>10.</span> 
     </span>
    </p>
   </div>
   <div class='ocr_carea' id='block_1_6' title="bbox 873 1024 926 1057">
    <p class='ocr_par' dir='ltr' id='par_1_9' title="bbox 873 1024 926 1057">
     <span class='ocr_line' id='line_1_28' title="bbox 873 1024 926 1057; baseline 0 -1"><span class='ocrx_word' id='word_1_85' title='bbox 873 1024 926 1057; x_wconf 86' lang='lat'>11.</span> 
     </span>
    </p>
   </div>
   <div class='ocr_carea' id='block_1_7' title="bbox 952 238 1447 1396">
    <p class='ocr_par' dir='ltr' id='par_1_10' title="bbox 956 238 1390 423">
     <span class='ocr_line' id='line_1_29' title="bbox 957 238 1287 273; baseline -0.012 0"><span class='ocrx_word' id='word_1_86' title='bbox 957 240 1144 273; x_wconf 79' lang='lat' dir='ltr'>Esurientes</span> <span class='ocrx_word' id='word_1_87' title='bbox 1169 238 1287 270; x_wconf 81' lang='lat' dir='ltr'>cibavit</span> 
     </span>
     <span class='ocr_line' id='line_1_30' title="bbox 957 285 1324 320; baseline -0.008 0"><span class='ocrx_word' id='word_1_88' title='bbox 957 288 1095 320; x_wconf 83' lang='lat' dir='ltr'>Ferculo</span> <span class='ocrx_word' id='word_1_89' title='bbox 1120 285 1324 318; x_wconf 77' lang='lat' dir='ltr'>substantiali</span> 
     </span>
     <span class='ocr_line' id='line_1_31' title="bbox 957 333 1390 376; baseline -0.012 -8"><span class='ocrx_word' id='word_1_90' title='bbox 957 336 1065 376; x_wconf 82' lang='lat' dir='ltr'>Atque</span> <span class='ocrx_word' id='word_1_91' title='bbox 1090 334 1189 366; x_wconf 80' lang='lat' dir='ltr'>corda</span> <span class='ocrx_word' id='word_1_92' title='bbox 1213 333 1390 366; x_wconf 79' lang='lat' dir='ltr'>illustravit</span> 
     </span>
     <span class='ocr_line' id='line_1_32' title="bbox 956 381 1284 423; baseline -0.012 -8"><span class='ocrx_word' id='word_1_93' title='bbox 956 383 1090 415; x_wconf 90' lang='lat' dir='ltr'>Lumine</span> <span class='ocrx_word' id='word_1_94' title='bbox 1113 381 1284 423; x_wconf 80' lang='lat' dir='ltr'>spirituali,</span> 
     </span>
    </p>

    <p class='ocr_par' dir='ltr' id='par_1_11' title="bbox 956 428 1430 518">
     <span class='ocr_line' id='line_1_33' title="bbox 956 428 1430 469; baseline -0.006 -7"><span class='ocrx_word' id='word_1_95' title='bbox 956 431 1075 463; x_wconf 82' lang='lat' dir='ltr'>Verum</span> <span class='ocrx_word' id='word_1_96' title='bbox 1099 437 1214 469; x_wconf 83' lang='lat' dir='ltr'>panem</span> <span class='ocrx_word' id='word_1_97' title='bbox 1238 436 1275 460; x_wconf 89' lang='lat' dir='ltr'>se</span> <span class='ocrx_word' id='word_1_98' title='bbox 1300 428 1430 461; x_wconf 84' lang='lat' dir='ltr'>donavit</span> 
     </span>
     <span class='ocr_line' id='line_1_34' title="bbox 958 476 1266 518; baseline -0.01 -8"><span class='ocrx_word' id='word_1_99' title='bbox 958 478 1029 510; x_wconf 87' lang='lat' dir='ltr'>Suis</span> <span class='ocrx_word' id='word_1_100' title='bbox 1053 485 1142 510; x_wconf 86' lang='lat' dir='ltr'>more</span> <span class='ocrx_word' id='word_1_101' title='bbox 1164 476 1266 518; x_wconf 91' lang='lat' dir='ltr'>filiali,</span> 
     </span>
    </p>

    <p class='ocr_par' dir='ltr' id='par_1_12' title="bbox 953 524 1445 1104">
     <span class='ocr_line' id='line_1_35' title="bbox 955 524 1414 567; baseline -0.007 -9"><span class='ocrx_word' id='word_1_102' title='bbox 955 526 1024 558; x_wconf 85' lang='lat' dir='ltr'>Tua</span> <span class='ocrx_word' id='word_1_103' title='bbox 1048 533 1153 566; x_wconf 82' lang='lat' dir='ltr'>prece,</span> <span class='ocrx_word' id='word_1_104' title='bbox 1182 533 1259 564; x_wconf 84' lang='lat' dir='ltr'>quos</span> <span class='ocrx_word' id='word_1_105' title='bbox 1285 524 1414 567; x_wconf 86' lang='lat' dir='ltr'>creavit,</span> 
     </span>
     <span class='ocr_line' id='line_1_36' title="bbox 956 572 1339 613; baseline -0.005 -8"><span class='ocrx_word' id='word_1_106' title='bbox 956 573 1066 606; x_wconf 85' lang='lat' dir='ltr'>Salvet</span> <span class='ocrx_word' id='word_1_107' title='bbox 1089 572 1171 604; x_wconf 78' lang='lat' dir='ltr'>dono</span> <span class='ocrx_word' id='word_1_108' title='bbox 1196 572 1339 613; x_wconf 82' lang='lat' dir='ltr'>speciali.</span> 
     </span>
     <span class='ocr_line' id='line_1_37' title="bbox 957 630 1350 671; baseline -0.008 -7"><span class='ocrx_word' id='word_1_109' title='bbox 957 631 1166 671; x_wconf 86' lang='lat' dir='ltr'>Suscepitque</span> <span class='ocrx_word' id='word_1_110' title='bbox 1190 630 1350 670; x_wconf 85' lang='lat' dir='ltr'>supplicia</span> 
     </span>
     <span class='ocr_line' id='line_1_38' title="bbox 954 677 1445 720; baseline -0.002 -9"><span class='ocrx_word' id='word_1_111' title='bbox 954 680 1092 719; x_wconf 81' lang='lat' dir='ltr'>Propter</span> <span class='ocrx_word' id='word_1_112' title='bbox 1116 677 1277 709; x_wconf 89' lang='lat' dir='ltr'>hominum</span> <span class='ocrx_word' id='word_1_113' title='bbox 1303 680 1445 720; x_wconf 84' lang='lat' dir='ltr'>peccata,</span> 
     </span>
     <span class='ocr_line' id='line_1_39' title="bbox 955 724 1275 767; baseline -0.013 -6"><span class='ocrx_word' id='word_1_114' title='bbox 955 728 1002 761; x_wconf 93' lang='lat' dir='ltr'>Ut</span> <span class='ocrx_word' id='word_1_115' title='bbox 1026 727 1094 767; x_wconf 86' lang='lat' dir='ltr'>ejus</span> <span class='ocrx_word' id='word_1_116' title='bbox 1119 724 1275 757; x_wconf 87' lang='lat' dir='ltr'>beneficia</span> 
     </span>
     <span class='ocr_line' id='line_1_40' title="bbox 955 772 1336 814; baseline -0.005 -7"><span class='ocrx_word' id='word_1_117' title='bbox 955 774 1112 807; x_wconf 85' lang='lat' dir='ltr'>Sanarent</span> <span class='ocrx_word' id='word_1_118' title='bbox 1134 772 1336 814; x_wconf 86' lang='lat' dir='ltr'>mortificata,</span> 
     </span>
     <span class='ocr_line' id='line_1_41' title="bbox 954 822 1434 861; baseline -0.004 -5"><span class='ocrx_word' id='word_1_119' title='bbox 954 822 1120 855; x_wconf 87' lang='lat' dir='ltr'>Donarent</span> <span class='ocrx_word' id='word_1_120' title='bbox 1144 830 1267 861; x_wconf 87' lang='lat' dir='ltr'>quoque</span> <span class='ocrx_word' id='word_1_121' title='bbox 1290 822 1434 861; x_wconf 87' lang='lat' dir='ltr'>praemia</span> 
     </span>
     <span class='ocr_line' id='line_1_42' title="bbox 953 869 1385 910; baseline -0.007 -7"><span class='ocrx_word' id='word_1_122' title='bbox 953 870 1054 902; x_wconf 83' lang='lat' dir='ltr'>Nobis</span> <span class='ocrx_word' id='word_1_123' title='bbox 1082 869 1156 900; x_wconf 90' lang='lat' dir='ltr'>olim</span> <span class='ocrx_word' id='word_1_124' title='bbox 1182 869 1243 900; x_wconf 87' lang='lat' dir='ltr'>heu</span> <span class='ocrx_word' id='word_1_125' title='bbox 1268 869 1385 910; x_wconf 87' lang='lat' dir='ltr'>ablata,</span> 
     </span>
     <span class='ocr_line' id='line_1_43' title="bbox 954 917 1417 959; baseline -0.006 -8"><span class='ocrx_word' id='word_1_126' title='bbox 954 918 1048 951; x_wconf 83' lang='lat' dir='ltr'>Hunc</span> <span class='ocrx_word' id='word_1_127' title='bbox 1071 917 1211 959; x_wconf 84' lang='lat' dir='ltr'>placare,</span> <span class='ocrx_word' id='word_1_128' title='bbox 1237 917 1326 957; x_wconf 86' lang='lat' dir='ltr'>virgo</span> <span class='ocrx_word' id='word_1_129' title='bbox 1352 918 1417 958; x_wconf 83' lang='lat' dir='ltr'>pia,</span> 
     </span>
     <span class='ocr_line' id='line_1_44' title="bbox 955 965 1402 1005; baseline -0.004 -7"><span class='ocrx_word' id='word_1_130' title='bbox 955 967 1040 999; x_wconf 82' lang='lat' dir='ltr'>Vera</span> <span class='ocrx_word' id='word_1_131' title='bbox 1062 967 1176 1005; x_wconf 82' lang='lat' dir='ltr'>mater,</span> <span class='ocrx_word' id='word_1_132' title='bbox 1202 965 1292 1003; x_wconf 78' lang='lat' dir='ltr'>cujus</span> <span class='ocrx_word' id='word_1_133' title='bbox 1316 967 1402 997; x_wconf 80' lang='lat' dir='ltr'>nata.</span> 
     </span>
     <span class='ocr_line' id='line_1_45' title="bbox 954 1022 1369 1063; baseline -0.005 -8"><span class='ocrx_word' id='word_1_134' title='bbox 954 1023 1042 1055; x_wconf 87' lang='lat' dir='ltr'>Sicut</span> <span class='ocrx_word' id='word_1_135' title='bbox 1065 1024 1131 1063; x_wconf 83' lang='lat' dir='ltr'>jam</span> <span class='ocrx_word' id='word_1_136' title='bbox 1158 1030 1191 1053; x_wconf 88' lang='lat' dir='ltr'>es</span> <span class='ocrx_word' id='word_1_137' title='bbox 1216 1022 1250 1053; x_wconf 89' lang='lat' dir='ltr'>in</span> <span class='ocrx_word' id='word_1_138' title='bbox 1276 1022 1369 1061; x_wconf 90' lang='lat' dir='ltr'>copia</span> 
     </span>
     <span class='ocr_line' id='line_1_46' title="bbox 954 1069 1313 1104; baseline -0.008 -1"><span class='ocrx_word' id='word_1_139' title='bbox 954 1071 1100 1104; x_wconf 87' lang='lat' dir='ltr'>Omnium</span> <span class='ocrx_word' id='word_1_140' title='bbox 1127 1069 1313 1101; x_wconf 86' lang='lat' dir='ltr'>deliciarum</span> 
     </span>
    </p>

    <p class='ocr_par' dir='ltr' id='par_1_13' title="bbox 952 1116 1429 1349">
     <span class='ocr_line' id='line_1_47' title="bbox 953 1116 1369 1158; baseline -0.005 -8"><span class='ocrx_word' id='word_1_141' title='bbox 953 1119 998 1151; x_wconf 87' lang='lat' dir='ltr'>Et</span> <span class='ocrx_word' id='word_1_142' title='bbox 1020 1119 1111 1158; x_wconf 83' lang='lat' dir='ltr'>larga</span> <span class='ocrx_word' id='word_1_143' title='bbox 1137 1117 1193 1148; x_wconf 84' lang='lat' dir='ltr'>das</span> <span class='ocrx_word' id='word_1_144' title='bbox 1218 1116 1369 1158; x_wconf 85' lang='lat' dir='ltr'>suffragia</span> 
     </span>
     <span class='ocr_line' id='line_1_48' title="bbox 953 1164 1429 1206; baseline -0.004 -8"><span class='ocrx_word' id='word_1_145' title='bbox 953 1167 1024 1199; x_wconf 88' lang='lat' dir='ltr'>Hac</span> <span class='ocrx_word' id='word_1_146' title='bbox 1047 1166 1081 1197; x_wconf 88' lang='lat' dir='ltr'>in</span> <span class='ocrx_word' id='word_1_147' title='bbox 1105 1165 1190 1197; x_wconf 90' lang='lat' dir='ltr'>valle</span> <span class='ocrx_word' id='word_1_148' title='bbox 1213 1164 1429 1206; x_wconf 86' lang='lat' dir='ltr'>lacrimarum,</span> 
     </span>
     <span class='ocr_line' id='line_1_49' title="bbox 953 1212 1342 1253; baseline -0.005 -8"><span class='ocrx_word' id='word_1_149' title='bbox 953 1213 1073 1245; x_wconf 83' lang='lat' dir='ltr'>Nostra</span> <span class='ocrx_word' id='word_1_150' title='bbox 1099 1212 1170 1244; x_wconf 88' lang='lat' dir='ltr'>dele</span> <span class='ocrx_word' id='word_1_151' title='bbox 1195 1213 1342 1253; x_wconf 86' lang='lat' dir='ltr'>contagia</span> 
     </span>
     <span class='ocr_line' id='line_1_50' title="bbox 952 1262 1409 1301; baseline -0.002 -8"><span class='ocrx_word' id='word_1_152' title='bbox 952 1262 1059 1301; x_wconf 85' lang='lat' dir='ltr'>Atque</span> <span class='ocrx_word' id='word_1_153' title='bbox 1083 1269 1201 1300; x_wconf 85' lang='lat' dir='ltr'>genera</span> <span class='ocrx_word' id='word_1_154' title='bbox 1224 1269 1409 1301; x_wconf 83' lang='lat' dir='ltr'>poenarum,</span> 
     </span>
     <span class='ocr_line' id='line_1_51' title="bbox 954 1308 1331 1349; baseline -0.003 -8"><span class='ocrx_word' id='word_1_155' title='bbox 954 1309 997 1341; x_wconf 89' lang='lat' dir='ltr'>Ut</span> <span class='ocrx_word' id='word_1_156' title='bbox 1021 1308 1142 1349; x_wconf 86' lang='lat' dir='ltr'>pariter</span> <span class='ocrx_word' id='word_1_157' title='bbox 1167 1308 1199 1339; x_wconf 91' lang='lat' dir='ltr'>in</span> <span class='ocrx_word' id='word_1_158' title='bbox 1225 1309 1331 1347; x_wconf 83' lang='lat' dir='ltr'>patria</span> 
     </span>
    </p>

    <p class='ocr_par' dir='ltr' id='par_1_14' title="bbox 953 1355 1447 1396">
     <span class='ocr_line' id='line_1_52' title="bbox 953 1355 1447 1396; baseline 0.004 -9"><span class='ocrx_word' id='word_1_159' title='bbox 953 1356 1000 1388; x_wconf 89' lang='lat' dir='ltr'>Te</span> <span class='ocrx_word' id='word_1_160' title='bbox 1024 1355 1178 1396; x_wconf 85' lang='lat' dir='ltr'>fruamur,</span> <span class='ocrx_word' id='word_1_161' title='bbox 1200 1355 1298 1394; x_wconf 83' lang='lat' dir='ltr'>jubar</span> <span class='ocrx_word' id='word_1_162' title='bbox 1317 1356 1447 1389; x_wconf 87' lang='lat' dir='ltr'>clarum.</span> 
     </span>
    </p>
   </div>
   <div class='ocr_carea' id='block_1_8' title="bbox 568 1413 1130 1741">
    <p class='ocr_par' dir='ltr' id='par_1_15' title="bbox 568 1413 1130 1741">
     <span class='ocr_line' id='line_1_53' title="bbox 568 1413 1032 1454; baseline 0 -9"><span class='ocrx_word' id='word_1_163' title='bbox 568 1413 623 1447; x_wconf 84' lang='lat'>12.</span> <span class='ocrx_word' id='word_1_164' title='bbox 650 1413 724 1445; x_wconf 88' lang='lat' dir='ltr'>Tibi</span> <span class='ocrx_word' id='word_1_165' title='bbox 748 1414 849 1446; x_wconf 89' lang='lat' dir='ltr'>honor</span> <span class='ocrx_word' id='word_1_166' title='bbox 875 1416 907 1446; x_wconf 87' lang='lat' dir='ltr'>et</span> <span class='ocrx_word' id='word_1_167' title='bbox 930 1414 1032 1454; x_wconf 82' lang='lat' dir='ltr'>gloria</span> 
     </span>
     <span class='ocr_line' id='line_1_54' title="bbox 648 1460 1096 1502; baseline 0 -10"><span class='ocrx_word' id='word_1_168' title='bbox 648 1460 750 1493; x_wconf 85' lang='lat' dir='ltr'>Nobis</span> <span class='ocrx_word' id='word_1_169' title='bbox 775 1465 925 1502; x_wconf 88' lang='lat' dir='ltr'>tuumque</span> <span class='ocrx_word' id='word_1_170' title='bbox 946 1462 1096 1501; x_wconf 84' lang='lat' dir='ltr'>juvamen</span> 
     </span>
     <span class='ocr_line' id='line_1_55' title="bbox 647 1508 1058 1551; baseline 0 -11"><span class='ocrx_word' id='word_1_171' title='bbox 647 1508 760 1550; x_wconf 84' lang='lat' dir='ltr'>Detur,</span> <span class='ocrx_word' id='word_1_172' title='bbox 786 1510 896 1551; x_wconf 74' lang='lat' dir='ltr'>virtus,</span> <span class='ocrx_word' id='word_1_173' title='bbox 923 1510 1058 1541; x_wconf 78' lang='lat' dir='ltr'>victoria</span> 
     </span>
     <span class='ocr_line' id='line_1_56' title="bbox 650 1555 1117 1596; baseline 0 -8"><span class='ocrx_word' id='word_1_174' title='bbox 650 1555 768 1588; x_wconf 85' lang='lat' dir='ltr'>Contra</span> <span class='ocrx_word' id='word_1_175' title='bbox 791 1557 929 1589; x_wconf 85' lang='lat' dir='ltr'>hostium</span> <span class='ocrx_word' id='word_1_176' title='bbox 955 1565 1117 1596; x_wconf 88' lang='lat' dir='ltr'>conamen,</span> 
     </span>
     <span class='ocr_line' id='line_1_57' title="bbox 648 1605 1049 1644; baseline 0 -8"><span class='ocrx_word' id='word_1_177' title='bbox 648 1605 693 1637; x_wconf 89' lang='lat' dir='ltr'>Ut</span> <span class='ocrx_word' id='word_1_178' title='bbox 717 1605 851 1644; x_wconf 86' lang='lat' dir='ltr'>sumptis</span> <span class='ocrx_word' id='word_1_179' title='bbox 877 1614 896 1636; x_wconf 89' lang='lat' dir='ltr'>a</span> <span class='ocrx_word' id='word_1_180' title='bbox 919 1605 1049 1637; x_wconf 87' lang='lat' dir='ltr'>miseria</span> 
     </span>
     <span class='ocr_line' id='line_1_58' title="bbox 647 1651 1130 1693; baseline -0.002 -10"><span class='ocrx_word' id='word_1_181' title='bbox 647 1651 755 1692; x_wconf 77' lang='lat' dir='ltr'>Pater,</span> <span class='ocrx_word' id='word_1_182' title='bbox 779 1655 874 1685; x_wconf 80' lang='lat' dir='ltr'>natus</span> <span class='ocrx_word' id='word_1_183' title='bbox 894 1657 991 1693; x_wconf 79' lang='lat' dir='ltr'>atque</span> <span class='ocrx_word' id='word_1_184' title='bbox 1013 1651 1130 1684; x_wconf 77' lang='lat' dir='ltr'>flamen</span> 
     </span>
     <span class='ocr_line' id='line_1_59' title="bbox 649 1699 1073 1741; baseline 0.005 -11"><span class='ocrx_word' id='word_1_185' title='bbox 649 1699 751 1731; x_wconf 85' lang='lat' dir='ltr'>Nobis</span> <span class='ocrx_word' id='word_1_186' title='bbox 778 1700 932 1732; x_wconf 84' lang='lat' dir='ltr'>concedat</span> <span class='ocrx_word' id='word_1_187' title='bbox 955 1700 1073 1741; x_wconf 84' lang='lat' dir='ltr'>gaudia</span> 
     </span>
    </p>
   </div>
   <div class='ocr_carea' id='block_1_9' title="bbox 188 1746 1500 1888">
    <p class='ocr_par' dir='ltr' id='par_1_16' title="bbox 188 1746 1500 1888">
     <span class='ocr_line' id='line_1_60' title="bbox 648 1746 1189 1781; baseline 0.002 -3"><span class='ocrx_word' id='word_1_188' title='bbox 648 1746 712 1778; x_wconf 88' lang='lat' dir='ltr'>Hic</span> <span class='ocrx_word' id='word_1_189' title='bbox 737 1750 769 1779; x_wconf 85' lang='lat' dir='ltr'>et</span> <span class='ocrx_word' id='word_1_190' title='bbox 792 1748 826 1779; x_wconf 88' lang='lat' dir='ltr'>in</span> <span class='ocrx_word' id='word_1_191' title='bbox 851 1751 1024 1781; x_wconf 88' lang='lat' dir='ltr'>aeternum.</span> <span class='ocrx_word' id='word_1_192' title='bbox 1076 1747 1189 1780; x_wconf 83' lang='lat' dir='ltr'>Amen.</span> 
     </span>
     <span class='ocr_line' id='line_1_61' title="bbox 265 1810 1499 1850; baseline 0.003 -11"><span class='ocrx_word' id='word_1_193' title='bbox 265 1811 334 1839; x_wconf 76' lang='lat' dir='ltr'>God.</span> <span class='ocrx_word' id='word_1_194' title='bbox 356 1811 562 1840; x_wconf 78' lang='lat' dir='ltr'>Carulsruhan.</span> <span class='ocrx_word' id='word_1_195' title='bbox 581 1812 700 1848; x_wconf 69' lang='lat' dir='ltr'>Augien.</span> <span class='ocrx_word' id='word_1_196' title='bbox 721 1810 766 1841; x_wconf 84' lang='lat'>36.</span> <span class='ocrx_word' id='word_1_197' title='bbox 787 1814 842 1840; x_wconf 85' lang='lat' dir='ltr'>mit</span> <span class='ocrx_word' id='word_1_198' title='bbox 861 1813 912 1841; x_wconf 77' lang='lat' dir='ltr'>dei·</span> <span class='ocrx_word' id='word_1_199' title='bbox 925 1813 1239 1849; x_wconf 84' lang='lat' dir='ltr'>Schlussbemerkung:</span> <span class='ocrx_word' id='word_1_200' title='bbox 1263 1813 1413 1850; x_wconf 78' lang='lat' dir='ltr'>„Explicit</span> <span class='ocrx_word' id='word_1_201' title='bbox 1433 1815 1499 1842; x_wconf 84' lang='lat' dir='ltr'>laus</span> 
     </span>
     <span class='ocr_line' id='line_1_62' title="bbox 188 1848 1500 1888; baseline 0.003 -12"><span class='ocrx_word' id='word_1_202' title='bbox 188 1850 321 1886; x_wconf 81' lang='lat' dir='ltr'>angelica</span> <span class='ocrx_word' id='word_1_203' title='bbox 345 1858 432 1885; x_wconf 79' lang='lat' dir='ltr'>super</span> <span class='ocrx_word' id='word_1_204' title='bbox 451 1848 649 1886; x_wconf 79' lang='lat' dir='ltr'>Magnificat.“</span> <span class='ocrx_word' id='word_1_205' title='bbox 670 1867 710 1871; x_wconf 91' lang='lat'>—--</span> <span class='ocrx_word' id='word_1_206' title='bbox 729 1850 762 1885; x_wconf 80' lang='lat'>5,</span> <span class='ocrx_word' id='word_1_207' title='bbox 783 1849 801 1878; x_wconf 81' lang='lat'><strong>2</strong></span> <span class='ocrx_word' id='word_1_208' title='bbox 828 1853 909 1888; x_wconf 69' lang='lat' dir='ltr'>virgo</span> <span class='ocrx_word' id='word_1_209' title='bbox 936 1853 1065 1887; x_wconf 72' lang='lat' dir='ltr'>ergiinzt.</span> <span class='ocrx_word' id='word_1_210' title='bbox 1086 1866 1122 1871; x_wconf 78' lang='lat'>—-</span> <span class='ocrx_word' id='word_1_211' title='bbox 1144 1849 1169 1886; x_wconf 85' lang='lat'>6,</span> <span class='ocrx_word' id='word_1_212' title='bbox 1197 1850 1214 1879; x_wconf 93' lang='grc'>6</span> <span class='ocrx_word' id='word_1_213' title='bbox 1235 1851 1355 1888; x_wconf 79' lang='lat' dir='ltr'>Stirpte.</span> <span class='ocrx_word' id='word_1_214' title='bbox 1375 1868 1414 1872; x_wconf 91' lang='lat'>—</span> <span class='ocrx_word' id='word_1_215' title='bbox 1434 1851 1460 1886; x_wconf 75' lang='lat'>9,</span> <span class='ocrx_word' id='word_1_216' title='bbox 1482 1851 1500 1881; x_wconf 78' lang='lat'><em>8</em></span> 
     </span>
    </p>
   </div>
   <div class='ocr_carea' id='block_1_10' title="bbox 187 1887 404 1916">
    <p class='ocr_par' dir='ltr' id='par_1_17' title="bbox 187 1887 404 1916">
     <span class='ocr_line' id='line_1_63' title="bbox 187 1887 404 1916; baseline 0.009 -2"><span class='ocrx_word' id='word_1_217' title='bbox 187 1887 297 1915; x_wconf 83' lang='lat' dir='ltr'>Saltem</span> <span class='ocrx_word' id='word_1_218' title='bbox 318 1888 404 1916; x_wconf 81' lang='lat' dir='ltr'>dono.</span> 
     </span>
    </p>
   </div>
   <div class='ocr_carea' id='block_1_11' title="bbox 483 1886 871 1923">
    <p class='ocr_par' dir='ltr' id='par_1_18' title="bbox 483 1886 871 1923">
     <span class='ocr_line' id='line_1_64' title="bbox 483 1886 871 1923; baseline 0.005 -8"><span class='ocrx_word' id='word_1_219' title='bbox 483 1886 525 1923; x_wconf 78' lang='lat'>12,</span> <span class='ocrx_word' id='word_1_220' title='bbox 546 1887 567 1916; x_wconf 85' lang='lat'>4</span> <span class='ocrx_word' id='word_1_221' title='bbox 587 1889 715 1916; x_wconf 85' lang='lat' dir='ltr'>hostium</span> <span class='ocrx_word' id='word_1_222' title='bbox 736 1892 871 1917; x_wconf 85' lang='lat' dir='ltr'>citamen.</span> 
     </span>
    </p>
   </div>
   <div class='ocr_carea' id='block_1_12' title="bbox 566 2008 1118 2050">
    <p class='ocr_par' dir='ltr' id='par_1_19' title="bbox 566 2008 1118 2050">
     <span class='ocr_line' id='line_1_65' title="bbox 566 2008 1118 2050; baseline 0.005 -11"><span class='ocrx_word' id='word_1_223' title='bbox 566 2008 612 2040; x_wconf 82' lang='lat'>92.</span> <span class='ocrx_word' id='word_1_224' title='bbox 652 2009 751 2050; x_wconf 83' lang='lat' dir='ltr'>Super</span> <span class='ocrx_word' id='word_1_225' title='bbox 772 2011 857 2049; x_wconf 88' lang='lat' dir='ltr'>„Ave</span> <span class='ocrx_word' id='word_1_226' title='bbox 876 2010 970 2042; x_wconf 74' lang='lat' dir='ltr'>Maris</span> <span class='ocrx_word' id='word_1_227' title='bbox 991 2010 1118 2042; x_wconf 84' lang='lat' dir='ltr'>stella“.</span> 
     </span>
    </p>
   </div>
   <div class='ocr_carea' id='block_1_13' title="bbox 188 2088 640 2462">
    <p class='ocr_par' dir='ltr' id='par_1_20' title="bbox 188 2088 640 2462">
     <span class='ocr_line' id='line_1_66' title="bbox 188 2088 561 2130; baseline -0.003 -8"><span class='ocrx_word' id='word_1_228' title='bbox 188 2090 218 2122; x_wconf 87' lang='lat'>1.</span> <span class='ocrx_word' id='word_1_229' title='bbox 243 2089 314 2120; x_wconf 88' lang='lat' dir='ltr'>Ave</span> <span class='ocrx_word' id='word_1_230' title='bbox 337 2088 434 2121; x_wconf 86' lang='lat' dir='ltr'>maris</span> <span class='ocrx_word' id='word_1_231' title='bbox 457 2089 561 2130; x_wconf 88' lang='lat' dir='ltr'>stella,</span> 
     </span>
     <span class='ocr_line' id='line_1_67' title="bbox 246 2136 533 2178; baseline 0 -10"><span class='ocrx_word' id='word_1_232' title='bbox 246 2136 394 2168; x_wconf 84' lang='lat' dir='ltr'>Gloriosa</span> <span class='ocrx_word' id='word_1_233' title='bbox 417 2137 533 2178; x_wconf 88' lang='lat' dir='ltr'>puella,</span> 
     </span>
     <span class='ocr_line' id='line_1_68' title="bbox 245 2183 550 2227; baseline 0.007 -12"><span class='ocrx_word' id='word_1_234' title='bbox 245 2183 307 2215; x_wconf 87' lang='lat' dir='ltr'>Dei</span> <span class='ocrx_word' id='word_1_235' title='bbox 330 2187 433 2216; x_wconf 87' lang='lat' dir='ltr'>mater</span> <span class='ocrx_word' id='word_1_236' title='bbox 457 2185 550 2227; x_wconf 88' lang='lat' dir='ltr'>alma,</span> 
     </span>
     <span class='ocr_line' id='line_1_69' title="bbox 244 2230 621 2273; baseline 0.008 -10"><span class='ocrx_word' id='word_1_237' title='bbox 244 2230 379 2264; x_wconf 85' lang='lat' dir='ltr'>Florens</span> <span class='ocrx_word' id='word_1_238' title='bbox 403 2232 492 2264; x_wconf 85' lang='lat' dir='ltr'>velut</span> <span class='ocrx_word' id='word_1_239' title='bbox 515 2234 621 2273; x_wconf 81' lang='lat' dir='ltr'>palma</span> 
     </span>
     <span class='ocr_line' id='line_1_70' title="bbox 246 2280 611 2322; baseline 0.011 -13"><span class='ocrx_word' id='word_1_240' title='bbox 246 2280 352 2319; x_wconf 90' lang='lat' dir='ltr'>Atque</span> <span class='ocrx_word' id='word_1_241' title='bbox 373 2289 498 2320; x_wconf 84' lang='lat' dir='ltr'>semper</span> <span class='ocrx_word' id='word_1_242' title='bbox 522 2281 611 2322; x_wconf 87' lang='lat' dir='ltr'>virgo</span> 
     </span>
     <span class='ocr_line' id='line_1_71' title="bbox 246 2326 624 2369; baseline 0.008 -11"><span class='ocrx_word' id='word_1_243' title='bbox 246 2326 378 2359; x_wconf 85' lang='lat' dir='ltr'>Pariens</span> <span class='ocrx_word' id='word_1_244' title='bbox 404 2336 474 2359; x_wconf 89' lang='lat' dir='ltr'>cum</span> <span class='ocrx_word' id='word_1_245' title='bbox 497 2329 624 2369; x_wconf 80' lang='lat' dir='ltr'>gaudio,</span> 
     </span>
     <span class='ocr_line' id='line_1_72' title="bbox 246 2373 572 2418; baseline 0.012 -13"><span class='ocrx_word' id='word_1_246' title='bbox 246 2373 341 2406; x_wconf 85' lang='lat' dir='ltr'>Felix</span> <span class='ocrx_word' id='word_1_247' title='bbox 366 2375 445 2407; x_wconf 89' lang='lat' dir='ltr'>coeli</span> <span class='ocrx_word' id='word_1_248' title='bbox 469 2379 572 2418; x_wconf 84' lang='lat' dir='ltr'>porta,</span> 
     </span>
     <span class='ocr_line' id='line_1_73' title="bbox 246 2422 640 2462; baseline 0.01 -8"><span class='ocrx_word' id='word_1_249' title='bbox 246 2422 297 2454; x_wconf 81' lang='lat' dir='ltr'>Ex</span> <span class='ocrx_word' id='word_1_250' title='bbox 323 2431 384 2462; x_wconf 85' lang='lat' dir='ltr'>qua</span> <span class='ocrx_word' id='word_1_251' title='bbox 407 2423 462 2454; x_wconf 79' lang='lat' dir='ltr'>lux</span> <span class='ocrx_word' id='word_1_252' title='bbox 487 2428 534 2455; x_wconf 90' lang='lat' dir='ltr'>est</span> <span class='ocrx_word' id='word_1_253' title='bbox 559 2427 640 2459; x_wconf 84' lang='lat' dir='ltr'>orta.</span> 
     </span>
    </p>
   </div>
   <div class='ocr_carea' id='block_1_14' title="bbox 623 2260 630 2277">
    <p class='ocr_par' dir='ltr' id='par_1_21' title="bbox 623 2260 630 2277">
     <span class='ocr_line' id='line_1_74' title="bbox 623 2260 630 2277; baseline 0 0"><span class='ocrx_word' id='word_1_254' title='bbox 623 2260 630 2277; x_wconf 75' lang='grc'><em>1</em></span> 
     </span>
    </p>
   </div>
   <div class='ocr_carea' id='block_1_15' title="bbox 869 2093 901 2124">
    <p class='ocr_par' dir='ltr' id='par_1_22' title="bbox 869 2093 901 2124">
     <span class='ocr_line' id='line_1_75' title="bbox 869 2093 901 2124; baseline -0.063 0"><span class='ocrx_word' id='word_1_255' title='bbox 869 2093 901 2124; x_wconf 84' lang='grc'>2.</span> 
     </span>
    </p>
   </div>
   <div class='ocr_carea' id='block_1_16' title="bbox 927 2091 1354 2471">
    <p class='ocr_par' dir='ltr' id='par_1_23' title="bbox 928 2091 1289 2221">
     <span class='ocr_line' id='line_1_76' title="bbox 928 2091 1254 2125; baseline 0 -1"><span class='ocrx_word' id='word_1_256' title='bbox 928 2091 1061 2125; x_wconf 88' lang='lat' dir='ltr'>Sumens</span> <span class='ocrx_word' id='word_1_257' title='bbox 1085 2092 1168 2125; x_wconf 88' lang='lat' dir='ltr'>illud</span> <span class='ocrx_word' id='word_1_258' title='bbox 1194 2101 1254 2125; x_wconf 87' lang='lat' dir='ltr'>ave</span> 
     </span>
     <span class='ocr_line' id='line_1_77' title="bbox 928 2139 1289 2174; baseline 0.006 -2"><span class='ocrx_word' id='word_1_259' title='bbox 928 2139 1108 2173; x_wconf 83' lang='lat' dir='ltr'>Jucundum</span> <span class='ocrx_word' id='word_1_260' title='bbox 1134 2143 1167 2172; x_wconf 86' lang='lat' dir='ltr'>et</span> <span class='ocrx_word' id='word_1_261' title='bbox 1190 2150 1289 2174; x_wconf 89' lang='lat' dir='ltr'>suave</span> 
     </span>
     <span class='ocr_line' id='line_1_78' title="bbox 928 2187 1168 2221; baseline 0 -1"><span class='ocrx_word' id='word_1_262' title='bbox 928 2187 1088 2221; x_wconf 83' lang='lat' dir='ltr'>Gabrielis</span> <span class='ocrx_word' id='word_1_263' title='bbox 1113 2197 1168 2220; x_wconf 85' lang='lat' dir='ltr'>ore</span> 
     </span>
    </p>

    <p class='ocr_par' dir='ltr' id='par_1_24' title="bbox 927 2235 1354 2471">
     <span class='ocr_line' id='line_1_79' title="bbox 927 2235 1297 2281; baseline 0.005 -14"><span class='ocrx_word' id='word_1_264' title='bbox 927 2235 1004 2267; x_wconf 90' lang='lat' dir='ltr'>Cum</span> <span class='ocrx_word' id='word_1_265' title='bbox 1028 2245 1141 2278; x_wconf 81' lang='lat' dir='ltr'>magno</span> <span class='ocrx_word' id='word_1_266' title='bbox 1167 2237 1297 2281; x_wconf 84' lang='lat' dir='ltr'>honore,</span> 
     </span>
     <span class='ocr_line' id='line_1_80' title="bbox 927 2284 1289 2325; baseline 0.006 -10"><span class='ocrx_word' id='word_1_267' title='bbox 927 2284 1043 2317; x_wconf 86' lang='lat' dir='ltr'>Fuuda</span> <span class='ocrx_word' id='word_1_268' title='bbox 1066 2293 1125 2317; x_wconf 86' lang='lat' dir='ltr'>nos</span> <span class='ocrx_word' id='word_1_269' title='bbox 1149 2285 1183 2317; x_wconf 86' lang='lat' dir='ltr'>in</span> <span class='ocrx_word' id='word_1_270' title='bbox 1208 2294 1289 2325; x_wconf 83' lang='lat' dir='ltr'>pace</span> 
     </span>
     <span class='ocr_line' id='line_1_81' title="bbox 927 2331 1262 2376; baseline 0.006 -13"><span class='ocrx_word' id='word_1_271' title='bbox 927 2331 997 2364; x_wconf 86' lang='lat' dir='ltr'>Tua</span> <span class='ocrx_word' id='word_1_272' title='bbox 1020 2335 1132 2366; x_wconf 85' lang='lat' dir='ltr'>sancta</span> <span class='ocrx_word' id='word_1_273' title='bbox 1154 2342 1262 2376; x_wconf 83' lang='lat' dir='ltr'>prece,</span> 
     </span>
     <span class='ocr_line' id='line_1_82' title="bbox 928 2379 1312 2416; baseline 0.005 -5"><span class='ocrx_word' id='word_1_274' title='bbox 928 2379 1058 2413; x_wconf 85' lang='lat' dir='ltr'>Mutans</span> <span class='ocrx_word' id='word_1_275' title='bbox 1083 2389 1197 2416; x_wconf 83' lang='lat' dir='ltr'>nomen</span> <span class='ocrx_word' id='word_1_276' title='bbox 1221 2381 1312 2414; x_wconf 87' lang='lat' dir='ltr'>Evae</span> 
     </span>
     <span class='ocr_line' id='line_1_83' title="bbox 927 2427 1354 2471; baseline 0.005 -12"><span class='ocrx_word' id='word_1_277' title='bbox 927 2427 976 2459; x_wconf 83' lang='lat' dir='ltr'>Ne</span> <span class='ocrx_word' id='word_1_278' title='bbox 1000 2429 1160 2461; x_wconf 81' lang='lat' dir='ltr'>dicamus:</span> <span class='ocrx_word' id='word_1_279' title='bbox 1192 2438 1261 2471; x_wconf 85' lang='lat' dir='ltr'>vae,</span> <span class='ocrx_word' id='word_1_280' title='bbox 1285 2439 1354 2465; x_wconf 79' lang='lat' dir='ltr'>vae.</span> 
     </span>
    </p>
   </div>
  </div>
 </body>
</html>
