1653 2668
668 105 928 137 —196—

555 198 614 230 166.
652 197 695 228 De
714 195 821 228 sancto
840 193 1030 226 Bernharde.

412 270 442 302 1.
471 268 573 307 Salve,
600 265 738 299 candens
762 262 820 296 flos
847 264 1020 306 doctorum,

516 315 676 348 Irroratus
702 311 844 352 coelitus,

466 361 662 401 &ruha-de,
690 368 827 393 vernans
851 367 974 400 gemma
997 366 1131 400 morum,

514 410 655 442 Radians
682 407 841 440 divinitus.

409 468 441 500 2.
468 465 630 500 Castitatis
655 464 695 497 ob
722 464 867 497 decorem

516 513 593 546 Cum
611 521 690 552 agno
713 511 793 552 legis
815 511 895 550 mia,

471 561 588 594 Sanum
608 560 671 592 tuis
698 560 754 592 das
779 559 908 590 odorem

516 607 712 641 Humilitatis
737 606 830 640 viola.

407 667 437 699 3.
464 665 533 698 Tua
552 664 667 697 florida
692 663 837 697 doctrina

512 712 622 745 Foeda
644 720 715 743 mea
738 719 861 751 separa,

470 760 550 794 Cum
575 761 726 793 virtutum
752 758 921 798 disciplina

519 807 581 840 Cor
605 809 635 840 et
657 815 771 847 corpus
795 815 963 846 praepara.

412 866 444 899 4.
471 864 566 897 Hunc
591 864 734 897 effectum
758 863 835 895 mihi
858 865 996 904 praesta,

516 912 566 944 Mi
589 914 732 954 patrone,
752 919 850 952 prece
872 911 928 951 pia

468 959 521 993 Ad
546 959 670 1000 agenda
694 959 774 991 coeli
798 957 883 990 festa

516 1006 592 1039 Gum
619 1006 703 1038 dulci
728 1008 805 1040 Jesu
831 1008 863 1037 et
886 1004 1001 1039 Maria.

223 1072 304 1100 Orat.
324 1081 376 1101 ms.
396 1073 593 1109 Ambergense
613 1073 683 1100 anni
703 1069 785 1100 1476.
808 1071 880 1100 Clm.
900 1071 1053 1099 Monacen.
1073 1069 1157 1100 2990.

556 1164 614 1195 167.
653 1164 696 1195 De
720 1164 827 1195 sancto
848 1163 1040 1196 Bernhardo.

153 1235 182 1268 1.
210 1234 312 1277 Salve,
338 1234 524 1267 Bernharde
548 1235 722 1278 praeclare,
830 1237 861 1269 5.
888 1234 935 1267 Te
954 1244 1006 1267 me
1029 1242 1156 1275 semper
1181 1234 1377 1275 defensante,

208 1281 254 1314 Te
278 1291 361 1314 nunc
384 1290 507 1322 precor,
533 1282 712 1322 supplicare
887 1281 933 1315 Te
957 1285 1050 1314 nocte
1076 1282 1190 1323 dieque
1213 1285 1318 1315 stante

258 1329 358 1361 Prece
383 1330 487 1361 cordis
511 1329 630 1373 intime,
935 1329 1009 1362 Meo
1034 1329 1068 1361 in
1094 1330 1236 1371 circuitu,

152 1388 183 1420 2.
210 1385 255 1419 Ut
278 1394 384 1419 amore
406 1395 458 1418 me
482 1384 618 1419 ferventi
830 1388 861 1420 6.
888 1385 1038 1419 Securum
1061 1390 1135 1427 post
1161 1387 1251 1420 dirae
1271 1388 1384 1421 mortis

208 1433 314 1473 Atque
337 1433 405 1466 vita
429 1433 614 1466 condecenti
889 1433 1061 1467 Patefactis
1088 1435 1168 1467 coeli
1191 1436 1293 1475 portis

257 1480 404 1521 Digneris
428 1481 594 1514 instruere.
939 1482 1010 1514 Duc
1032 1491 1084 1514 me
1108 1483 1177 1515 sine
1200 1484 1336 1524 strepitu

155 1539 185 1572 3.
211 1537 256 1571 Ut
279 1538 395 1578 ignitus
421 1539 562 1579 caritate,
833 1540 862 1571 7.
889 1538 939 1571 Dc
960 1542 1120 1579 potestate
1145 1541 1329 1573 daemonum

209 1585 392 1617 Adornatus
416 1586 589 1625 honestate,
891 1587 930 1621 In
958 1590 1145 1620 conventum
1169 1587 1345 1630 beatorum,

261 1633 364 1665 Verbo
389 1635 484 1673 atque
508 1642 614 1675 opere,
937 1634 1033 1667 Alme
1056 1637 1158 1678 pater,
1185 1635 1241 1668 ubi
1265 1639 1300 1669 tu

153 1690 185 1723 4.
208 1691 296 1723 Intus
321 1690 388 1722 Deo
414 1699 463 1722 me
487 1692 661 1733 ostendam,
835 1694 867 1726 8.
892 1691 931 1724 In
956 1692 1101 1725 eoelestis
1126 1692 1199 1725 aula
1222 1694 1306 1734 regis

213 1736 305 1769 Foris
331 1745 515 1778 quemquam
536 1748 600 1771 non
621 1738 776 1772 offendam
895 1738 1070 1772 Coronatus
1095 1749 1221 1781 semper
1247 1741 1335 1782 degis

258 1784 359 1826 Motu,
385 1787 479 1828 statu,
505 1785 625 1821 habitu.
941 1786 1059 1821 Laetus
1084 1788 1203 1830 absque
1228 1789 1356 1830 gemitu.

163 2308 181 2338 [Ο

232 1848 301 1877 eod.
321 1850 493 1879 Altovaden.
513 1849 559 1880 60.
579 1860 654 1880 saec.
677 1850 721 1880 15.

582 1944 641 1976 168.
682 1946 726 1976 De
745 1945 855 1977 sancta
878 1945 1020 1978 Caecilia.

182 2038 189 2046 .
215 2012 294 2052 Ave,
321 2013 408 2052 virgo
432 2014 579 2054 gloriosa,
898 2016 1002 2049 Corde
1028 2017 1147 2050 Christi
1170 2019 1271 2052 verba
1293 2029 1372 2053 sana

216 2059 289 2092 Toti
313 2061 429 2092 mundo
454 2061 615 2104 gaudiosa,
898 2063 1019 2097 Gerens
1043 2068 1080 2097 ut
1103 2067 1215 2099 salutis
1239 2077 1339 2109 grana

263 2107 362 2140 Beata
384 2111 420 2140 tu
445 2108 593 2150 Caecilia,
940 2112 1110 2153 Despectis
1133 2115 1246 2147 mundi
1270 2115 1398 2150 fabulis.

217 2153 344 2187 Rubens
369 2155 451 2209 sicut
474 2155 589 2189 florens
612 2166 694 2202 rosa,
837 2171 868 2203 3,
895 2169 1006 2210 Tuque
1031 2179 1126 2211 saepe
1147 2173 1312 2217 jejunasti,

217 2201 298 2234 Tota
323 2203 423 2235 dulols
447 2207 479 2236 et
503 2202 651 2245 formosa,
895 2217 991 2250 Veste
1015 2219 1094 2251 dura
1120 2220 1283 2261 castigasti

266 2249 402 2282 Vincens
426 2251 565 2284 candore
587 2253 665 2285 lilia.
941 2265 1044 2298 Tuum
1070 2275 1184 2308 corpus
1209 2267 1390 2310 femineum,

186 2332 193 2339 .
218 2305 322 2346 Digna
345 2310 420 2340 nata
444 2318 476 2340 es
500 2309 652 2351 Romana,
894 2312 996 2345 Deum
1023 2323 1150 2355 semper
1174 2317 1323 2359 exorasti,

218 2352 320 2386 Docta
342 2355 412 2395 lege
437 2356 615 2390 Christiana
897 2359 1024 2394 Cunctis
1046 2364 1165 2396 sanetis
1192 2365 1419 2398 commendasti

267 2401 318 2435 Ab
341 2402 420 2446 ipsis
441 2404 507 2445 jam
532 2406 705 2449 cunabulis,
941 2409 1044 2443 Tuum
1069 2411 1165 2446 decus
1190 2413 1376 2454 virgineum.
