1653 2668
153 2334 207 2367 10.

681 135 938 170 —110—

241 234 289 266 Te
312 234 414 266 saluto
441 232 536 265 eorde
560 232 654 271 laeto,

242 281 340 321 Opem
367 284 450 313 tuam
476 280 611 320 supplex
635 281 720 319 peto,

290 330 315 361 O
341 332 442 360 mater
466 326 701 366 benignissima,

240 376 295 408 Me
321 376 451 416 dignare
470 378 503 406 te
524 374 665 413 laudare,

240 423 364 455 Laudes
385 425 455 455 tuas
482 422 652 453 decantare

286 470 395 502 Mente
418 468 640 501 sincerissima.

240 536 322 576 Scio,
349 536 460 575 quodsi
484 535 591 575 lingua
615 533 700 566 foret

241 584 343 616 Omne.
375 583 458 622 quod
483 582 540 614 sub
567 582 653 614 coelo
673 580 776 623 floret,

285 630 331 661 Te
355 629 449 670 digne
473 639 533 662 non
561 629 761 673 exprimeret,

238 677 344 710 Omnis
369 686 491 717 quoque
514 680 660 709 creatura

239 724 420 764 Corporalis
442 728 537 764 atque
561 734 641 764 pura

285 771 432 803 Laudare
456 781 519 803 non
544 771 717 804 sufficeret.

204 862 212 871 .
239 838 287 869 Tu
311 837 468 869 coelorum
493 841 721 878 ornamentum,

238 885 287 917 Tu
308 884 458 917 virtutum
485 886 716 926 documentum,

285 932 333 963 Tu
359 931 454 964 decus
480 941 512 964 es
539 932 700 973 ecclesiae,

233 980 282 1011 Tu
308 978 382 1010 fidei
406 980 647 1020 firmamentum,

238 1027 319 1057 Vere
343 1027 432 1066 pacis
457 1027 700 1067 condimentum,

281 1074 331 1105 Tu
355 1072 446 1106 firma
469 1084 502 1106 es
527 1084 600 1114 spes
625 1075 746 1109 veniae.

204 1164 210 1171 .
236 1139 336 1172 Nulla
357 1148 433 1180 pars
459 1144 507 1172 est
532 1140 672 1173 caritatis

238 1187 277 1219 In
302 1189 334 1218 te
357 1195 460 1227 neque
482 1188 622 1230 pietatis,

283 1234 348 1266 Sed
373 1242 406 1267 es
431 1238 498 1267 tota
523 1235 656 1276 caritas3

235 1281 322 1313 Fons
347 1283 383 1312 tu
408 1282 496 1314 vivus
520 1283 661 1323 pietatis,

236 1328 323 1360 Fons
347 1330 444 1361 totius
469 1330 668 1362 amoenitatis

282 1377 389 1417 Atque
413 1377 514 1409 omnis
538 1377 651 1417 pietas.

200 1462 206 1468 .
233 1437 282 1469 Tu
305 1440 407 1470 mater
430 1439 643 1479 integerrima,

232 1484 282 1517 Tu
306 1484 462 1525 virginum
485 1486 709 1526 pulcherrima,

281 1533 330 1564 Tu
353 1533 444 1572 prole
469 1532 705 1575 fecundissima,

236 1580 285 1611 Tu
310 1588 442 1619 corpore
466 1581 665 1613 sanctissima

235 1627 280 1659 Et
303 1626 417 1666 spiritu
442 1628 649 1661 mundissima

281 1675 332 1706 Ae
356 1678 461 1707 mente
483 1676 691 1710 lucidissima.

201 1763 208 1769 .
234 1735 331 1768 Nulla
355 1735 444 1777 virgo
468 1740 533 1768 tam
558 1736 697 1770 formosa

233 1783 308 1816 Fuit
333 1791 392 1814 nec
417 1787 466 1816 est
489 1785 633 1825 speciosa

284 1830 327 1863 Ut
350 1830 549 1864 Hierusalem
573 1831 651 1875 filia,

236 1881 322 1917 Quae
346 1886 455 1911 verum
476 1889 581 1920 regem
599 1883 771 1927 generavit,

234 1925 337 1958 Deum
362 1928 394 1957 et
416 1927 576 1959 hominem
599 1928 690 1968 pavit

281 1973 438 2006 Decorum
463 1984 559 2015 super
581 1975 660 2008 lilia.

198 2059 205 2066 .
232 2035 289 2077 Tu,
315 2034 431 2078 Maria,
457 2037 551 2068 stella
574 2037 680 2077 maris,

232 2082 395 2114 Medicina
419 2083 568 2116 salutaris

278 2129 324 2161 Es
350 2138 517 2171 corporum
541 2137 573 2163 et
598 2132 751 2166 cordium.

232 2176 319 2208 Fons
336 2176 488 2222 signatus,
511 2179 635 2211 clausus
651 2179 761 2213 hortus

232 2224 292 2256 Via
315 2224 413 2268 pacis,
440 2226 525 2259 vitae
548 2230 668 2270 portus,

280 2270 460 2312 Pauperum
488 2273 655 2315 refugium.

235 2334 271 2365 In
296 2333 357 2365 hac
379 2336 463 2368 valle
486 2336 698 2380 lacrimarum,

230 2382 268 2413 In
293 2381 353 2413 hoc
376 2382 445 2416 loco
470 2384 673 2417 tenebrarum

279 2428 397 2463 Contra
420 2430 549 2464 fraudes
573 2432 712 2466 host-ium

763 2206 771 2224 7

839 384 891 417 11.

838 679 890 710 12.

836 972 890 1004 13.

837 1266 890 1298 14.

834 1560 888 1593 15.

835 2197 889 2228 17.

918 231 987 263 Nos
1012 232 1137 264 custodi
1162 234 1194 264 et
1219 231 1367 274 defende,

919 278 969 311 Sis
994 278 1136 318 adjutrix
1161 283 1194 312 et
1218 279 1376 322 impende,

965 326 1057 366 Quod
1082 330 1131 359 est
1154 327 1367 359 utilissimum.

918 382 1065 415 Gloriosa
1086 384 1147 416 Dei
1171 387 1282 428 mater,

917 430 1012 470 Cujus
1036 434 1129 463 natus
1155 436 1203 463 est
1228 434 1260 463 et
1283 435 1377 472 pater

966 477 1072 509 Patris
1097 479 1285 523 unigenitus,

920 525 1016 564 CuJ'us
1042 525 1146 558 alvum
1172 525 1365 569 fecundavit,

919 572 1133 613 Praeaptavir,
1158 573 1362 613 praeoptavit

966 619 1073 651 Virtus
1098 621 1201 653 saneti
1226 620 1369 660 spiritus,

917 676 1086 709 Intercede
1110 687 1169 717 pro
1194 677 1334 717 peccatis

916 724 1014 764 Apud
1040 722 1159 756 fontem
1185 725 1314 764 pietatis

961 772 1072 811 Atque
1096 772 1344 815 misericordiae,

916 819 984 851 Fac
1007 828 1064 850 nos
1089 829 1165 852 vere
1189 820 1387 860 poenitentes

918 866 1093 900 Commissa
1124 876 1184 899 nec
1207 876 1269 899 non
1297 866 1458 910 deflentes,

964 914 1048 945 Dum
1073 917 1196 955 tempus
1222 917 1271 946 est
1295 914 1417 948 veniae.

916 971 1002 1013 Jesu,
1030 969 1076 1002 fili
1096 971 1209 1003 summi
1233 971 1346 1011 patris,

917 1018 1052 1058 Christe,
1079 1023 1154 1050 nate
1178 1021 1308 1050 sanctae
1333 1022 1444 1051 matris

963 1065 1008 1097 Et
1030 1065 1170 1098 intactae
1196 1066 1338 1108 virginis,

916 1113 976 1152 Qui
1001 1113 1042 1145 de
1067 1114 1154 1145 coelo
1181 1113 1376 1145 descendisti

916 1160 960 1192 Et
987 1160 1183 1193 descendens
1207 1160 1342 1193 induisti

962 1208 1039 1240 Veii
1065 1206 1199 1240 formam
1224 1208 1370 1249 homini5‚

918 1264 1090 1297 Genitricis
1114 1266 1169 1305 pia
1194 1273 1291 1305 prece

914 1312 982 1344 Nos
1006 1321 1026 1343 a
1050 1311 1117 1345 luto
1143 1316 1176 1344 et
1198 1322 1218 1344 a
1242 1311 1333 1345 faece

964 1360 1170 1392 Peccatorum
1195 1360 1289 1392 ablue

916 1407 962 1439 Et
984 1406 1104 1446 largire
1129 1408 1227 1439 vitam
1250 1416 1363 1447 puram

915 1456 1022 1494 Atque
1045 1463 1157 1494 pacem
1182 1464 1424 1495 permansuram

962 1501 1007 1534 Et
1030 1501 1164 1534 salutem
1190 1503 1322 1535 animae.

916 1559 1020 1598 Salve,
1047 1558 1157 1591 thorus
1182 1559 1357 1602 virginalis,

916 1606 1006 1639 Cella
1029 1605 1167 1648 flagrans
1193 1609 1226 1638 et
1250 1607 1375 1650 regalis,

962 1653 1109 1687 Thronus
1134 1655 1319 1697 sapientiae,

915 1701 1032 1733 Lectus
1056 1699 1173 1734 florens
1198 1702 1386 1744 Salomonis,

917 1749 1025 1780 Vellus
1050 1750 1182 1781 madens
1207 1749 1377 1793 Gredeonis,

963 1796 1135 1829 Thalamus
1157 1797 1315 1838 Justitiae,

915 1853 966 1885 De
973 1862 1034 1893 quo
1042 1852 1187 1885 Christus
1196 1856 1356 1894 tamquam
1363 1863 1458 1894 spon-

1232 1911 1286 1933 sus

913 1948 1016 1981 Carne
1039 1951 1141 1981 tectus
1167 1952 1199 1981 et
1222 1949 1397 1982 absconsus

961 1996 1122 2029 Processit
1149 1997 1377 2041 temporaliter,

915 2043 1048 2075 Sumens
1073 2044 1166 2084 illud,
1193 2045 1278 2085 quod
1295 2054 1360 2077 non
1376 2049 1457 2090 erat,

913 2091 1049 2123 Manens
1074 2101 1201 2132 semper
1225 2096 1420 2137 perseverat,

963 2138 1053 2178 Quod
1078 2139 1139 2172 fuit
1164 2140 1380 2173 aeternaliter.

916 2196 941 2229 Ο
960 2205 1054 2236 quam
1071 2196 1150 2229 felix
1167 2200 1199 2229 et
1216 2207 1310 2238 quam
1322 2198 1459 2231 mundus

918 2243 1030 2276 Castus
1055 2244 1148 2277 simul
1175 2249 1208 2277 et
1232 2244 1387 2278 fecundus

962 2291 1081 2324 Uterus
1107 2297 1155 2325 est
1179 2293 1322 2336 virginis,

910 2339 947 2371 In
972 2349 1035 2380 quo
1059 2341 1140 2374 mira
1166 2341 1375 2373 commixtura

913 2387 967 2419 Fit
993 2396 1063 2420 cum
1090 2389 1209 2421 deitate
1233 2397 1315 2429 pura

962 2435 1074 2468 Carnis
1098 2440 1194 2478 atque
1218 2437 1393 2479 sanguinis.
