1653 2668
741 136 1005 173 -199-

317 229 369 262 Da
392 231 564 264 sanitatem
589 233 743 274 corporis,

212 277 291 310 140.
319 277 600 319 Tranquillitatem
625 281 790 322 temporis,

315 326 385 359 Fac
410 327 530 360 exitum
555 330 641 362 vitae
665 330 794 364 bonum.

316 373 365 406 Tu
389 384 487 415 posce
511 377 593 410 vivis
616 377 762 419 gratiam,

315 421 486 456 Defunctis
512 425 625 466 culpae
652 425 785 466 veniam,

314 469 482 503 Ecclesiae
505 473 595 513 pacis
625 474 752 514 donum,

900 235 977 269 145.
1006 235 1136 268 Cunctis
1160 236 1194 265 te
1218 232 1443 266 venerantibus

1006 282 1056 316 Sis
1081 283 1114 315 in
1139 281 1383 315 necessitatibus

1006 331 1146 363 Solabile
1170 330 1371 370 adjuvamen,

1005 380 1052 413 Ut
1077 388 1116 411 ex
1140 378 1201 412 Dei
1229 378 1397 410 clementia

1004 427 1128 460 Futura
1152 429 1184 458 et
1207 426 1391 466 praesentia

899 475 977 510 150.
1006 475 1076 508 Sint
1100 483 1256 515 prospera
1279 474 1381 506 nobis.
1409 474 1523 507 Amen.

284 539 365 564 Orat.
394 547 448 566 ms.
469 538 624 567 Scotorum
644 540 849 569 Vindobonon.
876 539 913 569 52
939 540 958 568 <1
986 539 1029 569 11.
1056 550 1132 570 saec.
1164 539 1207 569 15.
1234 555 1272 560 —-
1291 539 1326 568 57
1350 540 1430 568 Hinc
1449 540 1524 567 ferro

205 573 260 602 Hs.
281 589 319 593 —
339 573 376 603 79
400 584 419 603 a
437 576 537 605 dilecti
557 579 613 606 Hs.

587 691 649 723 170.
687 691 732 723 De
750 699 790 723 ss.
811 691 918 723 cosma
937 693 970 723 et
988 691 1148 724 Damiano.

609 763 634 795 O
660 762 778 794 medici
802 763 1029 807 languentium,

611 810 725 843 Cosma
750 819 821 842 cum
846 810 1012 853 Damiano‚

610 858 794 891 Succurrite
818 860 1014 899 poscentium

608 907 700 939 Votis
726 914 782 938 ore
805 907 902 947 plano

607 954 651 986 Et
676 954 796 995 populo
823 954 1002 987 Christiano

609 1002 686 1035 Sitis
711 1002 745 1033 in
770 1002 974 1043 adjutorium,

606 1049 653 1082 Ut
676 1049 768 1082 nobis
794 1050 911 1089 spiritu
935 1059 1012 1082 sano

609 1097 754 1130 Christus
782 1097 837 1129 det
860 1107 951 1129 suum
974 1098 1135 1139 gaudium.

280 1162 383 1190 Horae
403 1171 456 1190 ms.
478 1162 516 1190 ad
534 1171 621 1190 usum
640 1163 820 1191 Blesensem.
840 1171 915 1190 saec.
935 1161 1010 1191 15'111.
1033 1164 1103 1192 Con.
1123 1163 1196 1192 bibl.
1216 1163 1390 1192 Rossianae.

624 1275 679 1307 171.
719 1275 762 1306 De
787 1275 898 1306 sancta
918 1275 1107 1317 Guthburga.

207 1350 237 1383 1.
264 1349 345 1387 Ave,
372 1347 463 1388 virgo
488 1347 557 1379 Deo
583 1350 685 1388 grata,

264 1395 557 1428 Northumbrorum
582 1395 667 1435 regis
691 1396 777 1435 nata,

314 1443 500 1484 Cuthburga
524 1443 712 1483 castissima,

264 1492 366 1524 Prece
391 1500 519 1524 carnem
546 1499 642 1523 carne
668 1491 796 1531 degens,

266 1540 329 1573 Cor
355 1542 386 1571 et
412 1548 527 1580 corpus
554 1541 641 1571 caste
666 1546 788 1579 regens,

313 1588 426 1621 Carnis
450 1588 579 1620 vincens
605 1587 695 1621 vitia,

205 1650 236 1682 2.
262 1645 445 1679 Coelibatus
471 1645 511 1677 ob
537 1653 677 1677 amorem

262 1694 380 1727 Mundi
404 1702 555 1734 pompam
581 1695 613 1725 et
635 1693 787 1725 honorem

311 1741 478 1783 Respuisti
500 1741 640 1782 penitus,

263 1791 302 1824 In
327 1790 447 1823 virtute
471 1798 598 1830 semper
622 1789 706 1828 viva,

260 1841 419 1880 Vernaus,
443 1838 551 1871 virens
577 1840 613 1869 ut
636 1838 732 1877 oliva,

311 1887 475 1928 Inspirata
501 1886 644 1919 coelitus.

205 1949 236 1981 3.
263 1945 388 1986 Sponsa
413 1944 540 1978 Christo
568 1944 774 1984 desponsata,

264 1993 370 2035 Casta,
399 1995 546 2026 constans
572 1995 604 2024 et
628 1993 735 2026 velata

309 2041 390 2074 Velo
415 2041 602 2082 pudicitiae,

263 2091 351 2124 Rosa
385 2090 521 2131 pulchra
544 2097 705 2130 nunquam
732 2097 837 2129 arens,
898 2100 929 2133 7·

263 2139 367 2173 Sorde
392 2138 497 2171 carnis
523 2146 650 2178 semper
675 2145 797 2177 carens,

308 2187 482 2221 Vasculum
504 2186 692 2218 munditiae.

201 2248 235 2282 4.
263 2246 331 2287 Ope
356 2245 467 2286 sponsi
491 2244 539 2277 tui
563 2244 683 2278 Christi

261 2294 380 2327 Hostes
405 2293 508 2327 trinos
535 2293 692 2333 devicisti,

307 2342 476 2383 Mundum,
504 2351 642 2382 carnem,
661 2341 832 2384 Satanam3

955 1347 1077 1388 Corpus
1103 1356 1234 1380 servans
1258 1347 1427 1388 illibatum,

953 1395 1063 1436 Fame,
1090 1396 1143 1427 siti
1170 1395 1368 1436 castigatum,

1004 1443 1125 1484 Culpae
1149 1445 1258 1483 tegens
1285 1444 1451 1476 maculam.

921 1528 927 1534 .
955 1501 980 1534 Ο
1007 1501 1154 1533 coelestis
1181 1500 1357 1542 coenobita,

955 1549 1008 1581 Ad
1036 1549 1206 1581 coelestem
1227 1557 1285 1580 nos
1311 1549 1414 1582 invita

1002 1596 1140 1629 Coenam
1159 1596 1233 1637 agni
1257 1597 1397 1638 providi,

956 1645 1001 1678 Ut
1026 1644 1153 1686 purgati
1179 1653 1198 1676 a
1223 1645 1365 1684 peccatis

953 1692 1171 1725 Jucundemur
1196 1701 1266 1725 cum
1290 1692 1393 1725 beatis

1004 1741 1100 1774 Stolis
1127 1740 1209 1773 albis
1235 1741 1375 1775 candidi.

922 1826 928 1832 .
955 1799 1036 1840 Illis,
1063 1799 1117 1840 qui
1142 1802 1174 1830 te
1199 1799 1252 1830 hic
1276 1799 1434 1831 honorant

955 1847 1055 1888 Opem
1079 1850 1167 1880 tuam
1192 1849 1224 1878 et
1247 1847 1429 1892 implorant,

1004 1895 1074 1928 Cito
1100 1894 1151 1928 fer
1175 1895 1337 1936 auxilium,

955 1944 1018 1976 Per
1042 1946 1075 1975 te
1099 1943 1239 1976 sentiant
1259 1944 1411 1984 juvamen

955 1992 1049 2024 Nunc
1074 1995 1106 2024 et
1130 1992 1260 2025 tandem
1286 1993 1486 2026 consolamen

1001 2040 1096 2073 Vitae
1119 2042 1194 2082 post
1218 2040 1357 2074 exilium.

955 2099 1132 2132 Benedicta
1157 2107 1174 2131 o
1202 2098 1396 2141 Cuthburga,

955 2148 1164 2180 Peccatorum
1187 2145 1293 2179 faeces
1318 2157 1421 2190 purga

1004 2195 1145 2237 Dempta
1170 2196 1275 2228 carnis
1301 2197 1415 2238 scoria,

956 2244 1076 2277 Tecum
1100 2244 1231 2278 tandem
1255 2247 1292 2276 ut
1313 2245 1455 2279 locemur

952 2292 991 2325 In
1016 2296 1181 2326 aeternum
1205 2295 1236 2325 et
1261 2293 1416 2327 laetemur

1000 2342 1039 2375 In
1064 2345 1246 2375 sanctorum
1271 2343 1384 2383 gloria.

278 2412 360 2440 Orat.
387 2418 441 2437 ms.
462 2409 675 2437 Cautuariense
695 2416 770 2436 saec.
793 2406 836 2435 15.
869 2407 939 2436 Cod.
960 2408 1153 2438 Lambethan.
1175 2407 1240 2437 560.
1262 2425 1298 2430 —s
1321 2408 1351 2444 1,
1377 2410 1397 2439 4
1416 2412 1522 2441 Preces

199 2460 327 2480 earnem.
347 2464 387 2468 -
406 2448 434 2483 7,
455 2446 473 2476 2
493 2457 595 2486 preces
615 2455 718 2486 purga.
