1653 2668
143 198 174 231 7.
196 196 387 230 Diademate
410 199 522 229 ornata

200 244 368 286 Virginali,
393 243 462 277 Deo
486 245 587 284 grata,

248 292 293 325 Es
317 293 351 325 in
375 293 488 324 throno
513 290 634 331 gloriae

201 340 338 373 Ebriata
360 342 396 372 tu
419 346 525 371 amore

199 387 366 420 Trinitatis
391 395 429 420 ac
457 386 586 419 dulcore

249 435 274 467 O
300 444 392 477 quam
416 432 601 467 multifarie.

143 494 174 527 8.
201 492 315 533 Ingens
341 491 496 524 claritatis
520 491 637 531 lumen,

202 539 314 573 Totam
339 542 372 572 te
395 539 502 572 illuxit
525 547 639 571 numen

252 586 316 620 Sua
340 584 539 627 claritudine,

653 95 916 131 —204—

881 190 991 224 Incliti
1014 198 1049 222 es
1078 187 1172 222 favus
1195 188 1309 230 mellis,

880 237 1071 271 Relevatrix
1093 236 1128 269 in
1152 236 1318 277 procelliS,

928 284 1112 319 Protectrix
1134 285 1170 318 in
1193 283 1332 317 turbine.

848 369 857 377 .
882 343 1040 377 Salutaris
1063 342 1167 374 nostri
1192 345 1281 374 ortus

880 392 928 423 Ac
952 390 1131 423 securitatis
1157 393 1280 430 portus,

928 438 985 472 Me
1009 439 1084 471 audi
1108 438 1297 478 benigniter,

882 485 1015 526 Suspiro
1039 486 1083 519 ad
1107 488 1140 518 te
1164 485 1343 526 benignam,

884 534 928 567 Ut
953 534 1006 566 hic
1030 534 1130 567 vitam
1153 533 1230 564 mihi
1257 533 1384 573 dignam

931 581 1038 614 Dones
1064 585 1096 613 et
1120 580 1313 622 perenniter.

220 653 302 681 Orat.
322 662 375 681 ms.
395 653 548 681 Scotorum
566 651 769 680 Vindobsnen.
791 647 827 676 55
848 648 866 675 cl
889 646 932 676 11.
954 656 1029 676 :acc.
1054 645 1097 676 15,
1116 662 1154 668 -
1174 645 1207 681 2,
1227 646 1247 675 4
1266 646 1392 674 Referta.
1414 661 1445 665 -—

144 689 170 726 3,
192 690 209 719 5
229 691 354 719 sedatur.
375 706 412 711 —
433 688 460 725 8,
481 689 499 718 5
518 690 695 719 Revelatrix.

574 828 635 861 177.

149 941 178 973 1.
206 939 242 972 In
268 939 328 972 hoc
352 938 434 972 festo
458 937 618 981 martyris,

252 987 384 1020 Fratres
406 986 626 1028 jucundemur,

206 1034 257 1067 Ne
281 1033 428 1066 fermenti
452 1034 569 1065 veteris

253 1080 360 1113 Faece
380 1089 636 1122 praegravemur,

208 1130 355 1162 Sinceres
378 1128 412 1159 in
436 1127 556 1169 azymis

253 1176 354 1208 Simul
376 1176 539 1215 epulemur

207 1223 252 1256 Et
274 1224 434 1264 praeclari
457 1222 596 1263 palmitis

255 1271 398 1304 Palmam
422 1278 618 1304 veneremur.

178 1353 186 1360 .
212 1329 278 1361 Iste
301 1328 384 1359 sicut
407 1326 509 1359 lilium

259 1375 384 1409 Palmes
409 1374 598 1415 germinavit

212 1422 257 1455 Et
275 1422 309 1455 in
334 1422 423 1462 aquis
449 1421 535 1455 Siloe

257 1469 369 1502 Vestes
395 1469 589 1512 candidavit,

211 1518 257 1551 Ut
281 1526 415 1550 vernans
439 1517 473 1548 in
497 1517 627 1550 Jericho

260 1566 346 1598 Rosa
369 1564 521 1608 rutilavit,

213 1612 294 1645 Nam
319 1614 351 1645 in
377 1612 450 1653 agni
475 1612 627 1654 sanguine

259 1660 380 1693 Stolam
404 1669 493 1692 suam
515 1660 604 1695 lavit,

213 1717 346 1751 Tractus
371 1721 445 1750 ante
465 1717 604 1758 judicem

260 1766 366 1799 Litem
393 1768 596 1808 contestatur,

215 1813 257 1845 Se
279 1813 398 1845 trinum
419 1813 523 1845 Deum
549 1814 652 1845 calere

262 1861 335 1893 Non
357 1859 515 1894 infitiatur

215 1908 260 1940 Et
280 1909 392 1941 mort-is
416 1909 604 1941 sententiam

263 1957 336 1989 Pati
359 1956 523 1998 gloriatur,

215 2003 262 2037 Ut
280 2003 416 2044 perenni
437 2003 552 2045 gaudio

264 2050 381 2083 Libere
404 2050 540 2086 fruatur.

161 2109 194 2140 4.
218 2107 270 2139 Ex
293 2108 433 2150 Aegypti
455 2108 597 2141 tenebris

265 2155 435 2196 Postquam
463 2159 511 2188 est
533 2156 717 2200 translatus,

218 2201 296 2234 Mox
319 2204 478 2235 accinctus
500 2203 639 2244 renibuS,

266 2251 369 2282 Pedes
393 2251 553 2292 calciatus,

673 828 717 861 De
738 829 846 860 sancto
862 827 1019 860 Floriano.

885 936 1030 977 Spiritali
1052 936 1167 968 baculo

931 984 1076 1016 Fortiter
1099 985 1250 1022 armatus,

883 1032 989 1065 Phase
1012 1039 1123 1063 verum
1146 1038 1302 1071 peragens

930 1078 1062 1111 Transit
1082 1079 1272 1111 immolatus.

830 1137 860 1169 5.
883 1135 1004 1169 Exiens
1031 1137 1071 1168 de
1094 1135 1223 1170 Jericho

932 1183 1135 1216 Hierusalem
1159 1182 1274 1224 tendit,

886 1229 983 1264 Unde
1005 1230 1165 1271 quondam
1189 1229 1314 1263 saucius

932 1278 997 1311 Hic
1019 1278 1113 1311 homo
1138 1277 1306 1310 descendit

888 1325 931 1358 Et
954 1326 1080 1366 palmae
1105 1325 1304 1358 dulcissimos

935 1373 1071 1406 Fructus
1097 1373 1320 1414 apprehendit,

889 1420 1006 1454 Cautus
1028 1425 1060 1453 et
1084 1421 1126 1454 ad
1150 1421 1291 1461 lapidem

935 1470 1055 1502 Pedem
1078 1478 1142 1502 non
1164 1468 1305 1501 offendit.

832 1528 862 1560 6.
889 1525 960 1559 Jam
985 1526 1088 1559 victor
1111 1525 1300 1559 steniferam

939 1574 1021 1607 Colit
1044 1574 1205 1615 regionem

890 1621 933 1654 Et
959 1624 1143 1662 compensat
1165 1621 1307 1662 praemio

938 1670 1060 1703 Duram
1083 1670 1274 1711 passionem,

892 1717 975 1750 Nam
1001 1716 1041 1750 de
1064 1726 1174 1749 mensa
1197 1716 1338 1757 percipit

938 1765 1208 1808 Benedictionem,

894 1812 1053 1846 Christum
1078 1811 1140 1844 sibi
1166 1815 1351 1853 computans

941 1860 1101 1892 Summam
1124 1860 1320 1900 petitionem.

837 1919 869 1952 7.
893 1916 1045 1949 Nostram
1068 1926 1132 1950 non
1156 1917 1343 1959 ambigimus

943 1965 1111 1999 Catervam
1138 1965 1261 2009 decere,

895 2012 942 2046 Ut
964 2013 1026 2045 hoc
1048 2012 1167 2045 festum
1189 2014 1320 2047 studeat

941 2061 1056 2094 Colere
1079 2061 1212 2102 sincere,

897 2108 962 2141 Sed
984 2109 1045 2141 hoc
1066 2118 1131 2141 non
1155 2108 1331 2142 sufficimus

944 2156 1104 2189 Decenter
1128 2156 1275 2198 implere,

897 2204 947 2236 Tu
971 2208 1086 2246 autem,
1112 2214 1131 2237 o
1155 2205 1302 2250 Domine,

946 2252 1059 2285 Nostri
1081 2253 1244 2287 miserere.

240 2312 308 2342 Cod.
328 2315 358 2344 S.
377 2316 509 2345 Floriani
534 2317 579 2345 XI
603 2315 669 2345 220.
688 2326 764 2346 saec.
786 2316 830 2345 12.
849 2317 900 2345 fol.
919 2315 975 2347 211
994 2319 1023 2346 b.
1042 2335 1081 2340 —
1100 2320 1218 2347 Dareus
1237 2321 1294 2347 mit
1311 2319 1467 2347 einzelnen

166 2352 436 2397 Ungenauigkeiten
456 2355 505 2383 bei
517 2355 584 2389 Pez,
605 2356 724 2391 Scriptt.
738 2365 794 2384 rer.
807 2356 905 2384 Austr.
918 2356 942 2391 Ι,
957 2354 1003 2385 53.
1016 2371 1054 2377 ——-
1071 2356 1097 2391 3,
1112 2356 1130 2385 2
1145 2367 1246 2395 wegen
1258 2358 1465 2394 Radierungeu

164 2389 342 2418 undeuthch.
361 2405 399 2411 —
417 2392 445 2427 ὃ,
464 2393 484 2418 8
502 2394 675 2429 perfruatur.
