1653 2668
145 197 175 228 3.
204 196 228 228 O
257 195 370 227 donum
397 193 607 234 magnificum,

249 241 370 274 Fluens
394 241 553 282 largitate,

203 290 298 322 Salve
322 289 521 331 hilarificum‚

250 337 378 369 Ardens
404 336 555 376 caritate3

203 384 298 417 Salve
322 383 562 422 nobilissimum,

204 429 525 471 sufficientissimum,

250 479 340 512 Utile
365 478 534 518 damnatis,

204 526 303 559 Danti
331 524 597 558 confertissimum

203 574 250 606 Te
274 574 370 606 laudo
396 572 610 613 gratissimum

250 620 333 652 Vere
360 620 468 652 datum
492 619 603 660 gratis.

144 679 175 710 4.
204 677 309 720 Salve,
337 676 425 708 cibus
450 677 556 717 regius

249 724 375 756 Nobilis
400 727 558 766 natorum,

205 772 317 805 Suavis
344 774 375 804 et
400 772 544 813 egregius

251 820 398 851 Omnium
423 829 590 860 saporum3

206 869 231 901 O
259 876 332 899 esca
354 867 543 910 lautissima,

201 915 334 958 Manhu,
361 915 611 955 prudentissima

250 963 341 995 Pista
364 963 528 1007 trinitatis,

204 1011 308 1051 Opple
332 1010 604 1051 languidissimam

202 1059 266 1091 Per
291 1058 439 1091 affectum
464 1059 601 1092 animam

252 1106 331 1140 Cibo
355 1106 494 1147 pietatis

146 1165 177 1198 5.
204 1165 229 1197 O
255 1166 349 1204 potus
375 1164 567 1205 dulcissime,

251 1211 372 1244 Laticis
396 1210 558 1253 fluentum,

203 1260 299 1293 Salve
323 1259 527 1299 sapidissime

250 1307 446 1348 Languentis
471 1306 645 1339 fomentum
655 1319 663 1348 3

203 1356 308 1395 Salve,
335 1355 598 1396 jucundissimum

205 1404 318 1436 Vinum
344 1403 603 1445 meracissimum,

249 1451 365 1484 Ebries
391 1450 546 1491 bibentes,

205 1499 390 1532 Germinato
415 1498 553 1538 virgines

202 1549 310 1587 Atque
334 1547 447 1578 mentis
474 1547 621 1578 cardines

249 1594 318 1628 Fac
341 1603 429 1626 mero
455 1594 603 1626 calentes

776 98 822 132 52

829 195 860 227 6.
887 193 1026 232 Salvcto,
1050 191 1225 225 communio

938 239 1083 273 Omnium
1106 239 1271 281 bonorum,

887 286 1059 319 Hominum
1083 289 1118 318 tu
1141 286 1216 318 unio

934 336 1042 373 Atque
1065 334 1258 376 angelorum,

886 382 1035 414 Praestes
1060 379 1267 421 influentiam,

888 429 1035 462 Praestes
1059 428 1307 461 accrescentiam

937 476 1059 516 Capitis
1084 476 1118 507 in
1141 475 1293 515 membra,

889 525 966 556 Tuis
991 523 1193 564 passionibus

887 572 948 604 His
972 570 1242 603 communionibus

936 619 1076 652 Dedieas
1103 619 1325 653 commembra.

856 704 864 711 .
891 676 997 720 Salve,
1022 675 1213 708 sacrificium

938 726 976 758 In
1001 733 1094 757 cruce
1118 724 1244 757 litatum

887 772 1008 805 Mirum
1033 771 1233 813 sacrificium,

934 821 1063 861 Figuris
1088 820 1256 861 signatum,

889 869 936 900 Te
957 868 1055 900 laudo
1081 868 1308 911 dignissimum,

888 916 957 949 Deo
982 916 1245 957 acceptissimum,

935 964 1087 997 Sanctum
1109 964 1332 1007 juramentum,

888 1011 983 1045 Salve
1008 1011 1205 1052 pontificium

889 1060 1009 1094 Christi
1032 1059 1223 1092 sacrificium

936 1108 1042 1141 Patris
1066 1108 1304 1147 spiramentum.

856 1194 862 1200 .
889 1165 994 1205 Salve,
1020 1165 1211 1197 admirabile

935 1213 1012 1245 Jesu
1037 1216 1278 1253 sacramentum,

888 1261 1026 1302 Insigne,
1052 1261 1188 1293 amabile

936 1308 984 1340 Tu
1008 1308 1283 1349 medicamentum,

887 1356 936 1387 Tu
961 1356 1214 1388 commemoratio

888 1404 995 1444 Atque
1020 1403 1170 1436 exaltatio

938 1451 1055 1484 Christi
1079 1452 1247 1494 passionis,

888 1499 936 1530 Te
959 1500 1066 1538 laudo,
1092 1500 1239 1540 signatio,

891 1546 1055 1586 Supernae
1082 1547 1218 1588 gustatio

937 1596 1010 1628 Jam
1034 1593 1203 1627 fruitionis.

221 1662 301 1690 Orat.
322 1669 375 1688 ms.
388 1660 609 1696 Epternacense
627 1668 703 1688 saec.
727 1658 770 1688 15.
806 1659 873 1688 Cod.
887 1660 1106 1696 Luciliburgen.
1128 1659 1151 1687 1.
1169 1674 1202 1679 ——
1221 1658 1244 1694 1,
1260 1658 1276 1687 6
1290 1660 1406 1688 femina.

143 1697 171 1734 ὃ,
193 1698 229 1728 10
248 1699 398 1728 Undatum
419 1698 520 1734 gratis.

600 1781 648 1813 33.
687 1781 731 1812 De
751 1790 775 1813 s.
795 1781 1008 1813 Eucharistia.

432 1844 462 1878 1.
490 1842 610 1875 Chorus
635 1851 737 1875 novae
759 1841 971 1885 Hierusalem,
997 1843 1116 1882 plaude

487 1892 537 1923 Ac
560 1890 687 1930 mirare,
713 1898 794 1930 quae
817 1890 860 1921 sit
885 1889 965 1922 haec
987 1890 1102 1928 hostia,

488 1939 586 1978 Quam
610 1938 771 1978 praevidit
796 1937 930 1970 offerens
954 1938 985 1971 in
1012 1938 1109 1972 laude

486 1985 725 2019 Melchisedech
749 1986 899 2018 sacerdos
922 1986 957 2017 in
982 1986 1054 2027 via3

488 2034 573 2067 Dum
596 2033 748 2066 Abrahae
772 2033 913 2066 occurrit
934 2034 1078 2075 mystice,

488 2082 662 2123 Figuratur
686 2081 840 2121 Christus,
867 2081 921 2122 qui
947 2082 1089 2115 creditur

491 2131 587 2163 Panis
612 2130 703 2162 vivus
727 2138 766 2162 ac
789 2128 871 2161 fixus
894 2129 927 2161 in
955 2139 1058 2171 cruce,

491 2179 550 2218 Qui
573 2186 740 2217 resurgens
764 2177 850 2209 ultra
873 2186 937 2210 non
962 2179 1105 2211 moritur.

433 2240 465 2272 2,
493 2236 637 2269 Christus
661 2234 753 2268 nobis
773 2234 865 2275 panis
886 2236 1085 2276 proponitur,

491 2284 551 2324 Qui
575 2286 754 2323 assumptus
779 2285 916 2315 mentem
941 2282 1091 2327 vivificat,

490 2333 535 2365 Et
557 2333 592 2365 in
616 2340 732 2373 panem
756 2331 875 2372 lignum
899 2332 1136 2375 transmittitur,

488 2380 626 2422 Lignum
652 2379 753 2413 crucis
780 2379 853 2412 dum
879 2380 963 2412 hunc
986 2380 1176 2423 mortificat3
