1653 2668
696 166 740 171 -
791 145 836 180 57
887 166 932 172 -

536 239 586 270 44.
626 239 672 270 Ad
691 238 913 272 Elevationem
934 238 1088 280 eorporis.

579 308 685 351 Salve,
712 319 826 351 corpus
854 311 1056 352 dominicum,

579 358 686 400 Salve,
711 361 856 392 nostrum
880 358 1049 400 refugium,

581 406 687 448 Salve,
714 409 856 440 salvator
881 408 1030 441 omnium.

580 455 605 489 Ο
631 455 719 497 Jesu,
745 464 803 488 rex
826 456 979 497 piissime,

580 503 606 537 O
634 504 737 536 duleis
764 507 796 536 et
819 504 996 546 mitissime,

579 551 661 584 Esto
685 553 764 585 mihi
789 553 959 593 propitius,

579 600 640 640 Qui
664 608 698 632 es
722 600 849 633 Mariae
871 600 968 642 filim,

577 647 630 681 Ex
655 657 717 688 qua
743 657 838 680 carne
860 651 894 681 te
919 649 1077 681 oredimus

579 695 627 728 Et
647 695 682 728 in
706 705 791 736 pane
815 699 848 728 te
871 696 1027 738 novimus,

582 743 631 776 Tu
656 752 689 776 es
714 746 857 777 nostrum
883 743 1040 785 refugium

579 792 625 825 Et
649 792 683 824 in
707 795 811 825 morte
835 794 993 825 solatium.

581 838 694 872 Gloria
717 840 787 884 tibi,
814 840 960 880 Domine,

579 888 639 927 Qui
666 896 699 919 es
721 888 755 920 in
779 889 872 928 panis
897 889 1015 930 speeie,

577 935 702 967 Venisti
725 945 784 969 nos
808 945 976 978 resurgere

577 982 646 1016 Tuo
672 984 832 1016 redemtos
857 985 1021 1026 sanguine.

230 1049 312 1077 Orat.
332 1057 385 1076 ms.
407 1049 437 1078 S.
458 1048 583 1085 Josephi
604 1048 804 1086 Oenipontani
824 1048 861 1078 70
881 1051 915 1078 A.
937 1058 1012 1078 saec.
1036 1049 1079 1078 14.

533 1161 582 1193 45.
621 1160 669 1192 Ad
687 1161 909 1193 Elevationem
929 1161 1083 1203 corporis.

577 1232 682 1273 Salve,
709 1234 798 1274 Jesu‚
824 1242 882 1265 rex
906 1234 1036 1274 gloriae,

573 1280 633 1321 Qui
657 1283 691 1312 te
715 1281 773 1313 sub
798 1281 892 1321 panis
915 1282 1022 1322 speeie

574 1328 677 1361 Nobis
703 1329 846 1361 ostendis
872 1329 985 1362 hodie:

574 1377 623 1409 Tu
647 1386 705 1409 nos
730 1375 871 1410 reforma.
895 1377 1028 1418 gratiae.

576 1426 664 1468 Jesu,
690 1434 782 1458 sacro
808 1426 971 1467 sanguine,

574 1474 674 1513 Quem
699 1472 813 1506 fudisti
836 1483 896 1513 pro
922 1474 1067 1517 homine;

573 1520 772 1561 Redemptos
797 1530 817 1552 a
841 1521 978 1562 ealigine

576 1568 710 1601 Illustra
731 1572 785 1601 tuo
811 1569 939 1602 lumine.

224 1636 305 1665 Orat.
327 1644 379 1663 ms.
401 1635 431 1663 S.
452 1634 577 1671 Josephi
599 1633 799 1671 Oenipontani
819 1633 857 1662 70
878 1636 913 1663 A.
934 1643 1010 1663 saec.
1035 1634 1077 1664 14.

520 1747 570 1780 46.
610 1746 657 1778 Ad
676 1747 896 1780 Elevationem
916 1747 1096 1788 sanguinis.

795 1819 823 1852 Ι.

572 1889 654 1928 Ave,
681 1887 810 1929 sanguis
836 1887 914 1920 Jesu
940 1887 1071 1928 Christi,

572 1937 636 1970 Pro
660 1945 711 1967 me
734 1944 788 1968 reo
814 1936 868 1976 qui
890 1934 1012 1968 finxisti

619 1983 724 2016 Fusus
748 1985 783 2017 in
807 1984 963 2024 patibulo,

570 2033 618 2067 Ut
639 2035 682 2076 te,
709 2041 836 2074 quaeso,
861 2033 982 2073 possim
1007 2031 1072 2065 frui

569 2082 657 2114 Ante
679 2084 815 2113 mortem
838 2090 941 2113 meam
966 2081 1013 2113 tui

619 2129 664 2162 Et
687 2130 808 2163 salvari
832 2130 958 2170 poculo.

775 2226 820 2261 11.

420 2296 446 2329 Ο
472 2295 600 2337 sanguis
627 2294 758 2338 Christi,
784 2294 837 2334 qui
863 2292 953 2326 fusus
977 2303 1086 2327 amore
1110 2292 1200 2327 fuisti

418 2343 561 2377 Humani
585 2344 722 2385 generis,
748 2342 841 2376 nobis
867 2351 983 2383 precor
1012 2343 1186 2387 auxilieris,

419 2392 503 2426 {Uele
526 2394 670 2433 peccata,
699 2392 741 2425 da
762 2391 855 2425 nobis
880 2400 979 2433 regna
1004 2392 1108 2427 beata.

216 2461 298 2490 Orat.
318 2469 373 2488 ms.
395 2460 425 2489 S.
445 2458 571 2496 Josephi
594 2459 794 2495 Oenipontani
815 2456 853 2486 70
872 2458 906 2487 A.
929 2467 1004 2487 saec.
1029 2457 1072 2487 14.
