1653 2668
673 136 932 175 -137—

137 231 167 264 7.
193 230 296 267 Jacob
323 231 413 265 sidus
437 233 613 275 praevium,

247 280 346 321 Virga
372 279 555 326 fecundata,

197 327 290 361 ι16556
314 338 431 362 numen
456 330 589 372 regium,

245 377 356 417 Stirpe
382 378 489 410 David
515 381 601 421 nata,

199 424 363 458 Virtutum
390 426 567 467 collegium.

141 483 173 516 8.
199 482 291 515 Haec
315 493 375 523 per
399 483 461 516 Dei
482 486 628 517 nuntium

249 531 376 564 Christo
403 532 607 573 desponsata,

202 578 299 620 Virgo
326 580 411 612 vitae
436 580 626 621 praemium,

248 627 356 660 Verbo
383 628 553 668 gravidata

197 675 377 708 Parturivit
401 677 562 717 gaudium.

140 734 170 766 9.
199 732 290 765 Haec
314 735 389 773 post
413 734 620 774 puerperium

244 781 368 814 Mansit
392 781 531 825 illibata,

830 236 886 271 10.
914 237 952 270 In
979 238 1116 271 eoeleste
1140 238 1253 270 solium

959 287 1108 327 Regnans
1134 286 1285 329 exaltata,

912 333 1017 367 Muris
1043 335 1257 367 innocentium

961 382 1056 415 Stans
1083 382 1321 415 circumvallata

912 430 1033 462 Ordine
1056 431 1248 464 coelestium.

832 486 886 522 11.
914 487 1011 526 Coeli,
1039 492 1154 530 terrae,
1182 488 1315 521 marium

961 536 1106 569 Victoria
1129 537 1196 569 lata

917 583 1002 624 Tibi,
1031 585 1095 617 dux
1121 584 1304 625 errantium,

966 632 1053 671 Quae
1077 633 1164 664 tollis
1188 635 1323 673 peccata

918 679 1019 711 Prece
1046 681 1304 720 supplicantium.

833 735 888 769 12.
915 736 968 769 Ad
999 737 1118 770 Christi
1144 738 1332 779 convivium,

965 785 1077 818 Dulcis
1102 787 1268 828 advocata,

197 829 277 862 Post
301 829 437 862 offerens
462 829 562 862 filium
918 833 991 866 Duc
1015 843 1073 866 nos
1101 835 1356 868 commensalium

249 878 396 918 Templo,
424 887 508 911 nunc
531 879 679 918 praelata
961 881 1015 914 Ad
1040 891 1138 922 regna
1161 882 1257 914 beata

199 925 298 959 Juxta
324 926 445 959 Christi
471 926 646 959 brachium.
917 927 1133 969 Supernorum
1159 930 1284 963 civium.

217 991 296 1020 Orat.
319 1002 371 1020 ms.
396 992 552 1021 Coelestin.
574 1001 650 1021 saec.
676 991 718 1021 15.
748 992 817 1022 Cod.
837 994 982 1022 Parisien.
1006 993 1041 1023 18
1050 994 1115 1023 571.

599 1105 650 1137 111.
690 1105 738 1137 Ad
757 1105 789 1137 Β.
809 1105 942 1138 Mariam
961 1106 998 1138 V.

139 1196 172 1229 1.
197 1197 222 1229 O
248 1196 397 1236 polorum
425 1196 630 1238 dominatrix,
857 1197 888 1231 7.
916 1196 1014 1236 Quem
1039 1206 1101 1229 non
1129 1197 1214 1236 capit
1238 1197 1324 1229 orbis
1350 1198 1432 1237 aula,

140 1399 159 1432 [0

200 1244 304 1284 Super
329 1247 458 1277 sanctos
483 1244 685 1285 imperatrix,

199 1292 249 1325 Sis
274 1292 398 1325 meritis
424 1293 478 1325 hic
503 1292 646 1333 adjutrix

197 1340 243 1373 Et
266 1341 300 1373 in
329 1341 427 1374 coelis
451 1340 676 1374 interventrix.

164 1425 170 1432 .
198 1398 248 1431 Tu
274 1408 307 1431 es
335 1399 456 1433 Christi
481 1400 560 1433 Jesu
585 1401 696 1442 mater,

200 1448 277 1488 Ipse
303 1448 432 1487 quidem
458 1449 531 1479 tuus
556 1450 661 1488 pater,

200 1495 322 1528 Natum
347 1505 436 1537 roga,
462 1495 519 1535 pia
542 1498 655 1535 mater,

201 1543 304 1576 Nobis
329 1543 387 1576 fiat
413 1544 551 1576 clemens
576 1545 681 1584 pater.

165 1628 172 1634 .
201 1603 225 1635 O
247 1601 365 1643 Maria,
391 1601 490 1634 maris
516 1601 620 1642 stella,

199 1649 335 1683 Pietatis
363 1650 461 1691 digna
484 1650 576 1691 sella,

199 1699 264 1732 Pro
289 1707 341 1730 me
367 1698 530 1732 Christum
554 1697 737 1738 interpella,

201 1748 232 1779 A
256 1756 309 1779 me
333 1747 436 1787 pellat
461 1746 573 1779 mundi
596 1746 694 1779 bella.

915 1244 1006 1277 Haec
1029 1254 1088 1285 pro
1114 1244 1205 1277 uobis
1232 1244 1329 1278 dones
1354 1245 1459 1286 naula,

915 1292 964 1325 Tu
990 1296 1184 1325 moestorum
1208 1293 1365 1333 solatium,

919 1340 1008 1374 Coeli
1032 1344 1145 1373 tenens
1171 1341 1353 1374 dominium.

882 1424 890 1433 .
916 1399 980 1432 Per
1005 1400 1037 1430 te
1063 1407 1170 1431 sumus
1195 1407 1253 1431 nos
1278 1399 1447 1440 redempti,

920 1446 1008 1481 Coeli
1033 1448 1111 1480 sede
1134 1447 1301 1487 reportati,

915 1495 1013 1530 Unde
1037 1497 1144 1535 grates
1169 1494 1230 1526 tihi
1255 1495 1377 1533 damus,

916 1542 1146 1583 Hymnizantes
1173 1551 1348 1576 exoramus

882 1626 889 1633 .
916 1602 997 1642 Ave,
1026 1601 1114 1642 virgo
1139 1599 1256 1633 florens
1282 1609 1365 1640 rosa,

915 1648 1046 1683 Cunctis
1072 1657 1166 1689 pares
1189 1649 1346 1689 speciosa,

918 1697 1023 1737 Salve,
1050 1698 1139 1737 virgo
1164 1697 1357 1737 praeelecta,

917 1746 1005 1785 Quae
1029 1745 1069 1777 ab
1093 1745 1165 1785 ipso
1192 1754 1224 1777 es
1250 1746 1384 1785 repleta.

140 1806 172 1839 4.
199 1804 350 1839 Paradisi
374 1807 411 1837 tu
436 1813 470 1837 es
495 1806 601 1845 porta,
834 1804 888 1838 10.
918 1803 1040 1837 Christi
1062 1805 1166 1835 mater
1190 1812 1248 1835 nos
1271 1804 1386 1845 solare,

202 1854 266 1886 Per
288 1856 321 1885 te
345 1853 432 1886 salus
460 1856 508 1884 est
534 1856 656 1894 exorta,
916 1851 960 1884 Et
986 1860 1063 1892 quos
1089 1851 1178 1883 venit
1201 1851 1350 1891 liberare,

204 1902 379 1937 calamitas
407 1904 455 1934 est
481 1910 645 1942 oppressa,
920 1900 1012 1940 Quod
1033 1909 1097 1932 non
1121 1900 1232 1932 valent
1253 1899 1438 1941 impetrare,

201 1952 289 1992 Quae
313 1959 373 1991 per
398 1950 501 1984 Evam
529 1952 577 1982 est
601 1951 756 1991 ingressa.
917 1949 1017 1988 Quam
1044 1947 1174 1989 dignum
1200 1951 1246 1980 est
1269 1949 1302 1979 te
1318 1948 1460 1981 laudare.

140 2010 171 2044 5.
200 2010 225 2043 O
252 2009 355 2042 lilium
383 2008 585 2051 convallium,
835 2007 888 2041 11.
918 2005 1103 2049 Christiani,
1130 2005 1213 2038 hanc
1237 2006 1368 2038 laudate

197 2058 283 2092 Vide
307 2066 413 2090 meum
438 2057 624 2097 suspirium,
915 2055 961 2088 Et
984 2054 1114 2094 reginae
1140 2054 1319 2097 decantate,

197 2108 289 2141 Inter
313 2107 434 2146 spinas,
461 2105 563 2146 virgo,
589 2103 695 2146 flores,
916 2103 990 2144 Vos,
1019 2102 1072 2142 qui
1097 2102 1209 2135 laudes
1234 2102 1297 2135 sibi
1323 2102 1416 2145 datis,

198 2156 299 2196 Quam
325 2155 380 2195 qui
405 2153 513 2194 sentit,
538 2155 642 2186 mutat
657 2162 772 2187 mores.
917 2150 970 2184 Sic
995 2151 1118 2183 meritis
1142 2151 1195 2183 hic
1220 2151 1345 2184 vivatis.

138 2216 170 2248 6.
197 2214 248 2247 Τ11
273 2213 433 2253 virginum
458 2211 661 2252 principalis,
834 2210 890 2244 12.
916 2209 1003 2243 Audi
1028 2217 1142 2249 preces
1165 2209 1342 2253 humilium,

196 2263 246 2295 Tu
271 2261 379 2294 meriti
404 2259 587 2301 singulariS,
916 2257 1008 2292 Pium
1033 2257 1154 2298 praebe
1177 2258 1384 2299 praesidium,

197 2311 222 2344 Ο
248 2309 366 2352 Maria,
393 2308 489 2341 radix
515 2307 616 2351 Jesse,
916 2306 1020 2340 Miros
1044 2308 1191 2346 praestas
1217 2309 1250 2339 et
1274 2307 1398 2349 odores,

197 2358 300 2392 Nobis
326 2358 415 2392 vales
441 2357 489 2389 sic
514 2356 678 2397 prodesse.
915 2353 1021 2388 Malos
1046 2354 1157 2395 perdis
1183 2357 1216 2387 et
1240 2354 1388 2390 foetores

211 2426 303 2454 Psalt.
332 2434 386 2455 me.
409 2424 439 2453 S.
460 2423 602 2453 Fusciani
626 2432 702 2452 saec.
733 2421 777 2452 12.
799 2423 870 2452 Cod.
890 2422 1066 2451 Ambianen.
1096 2419 1140 2450 19.
1169 2422 1234 2451 add.
1255 2431 1330 2452 saec.
1358 2422 1401 2453 12.
1422 2440 1460 2444 -

135 2464 161 2501 5,
182 2463 202 2494 4
227 2464 308 2499 Quos
330 2466 381 2502 qui
403 2463 503 2492 sentit.
524 2477 563 2484 —-
584 2461 610 2499 9,
631 2460 651 2491 4
673 2463 758 2499 Quod
778 2463 815 2491 ab
839 2464 914 2498 ipso.
936 2478 972 2482 —-
994 2459 1039 2496 12,
1061 2460 1081 2490 4
1099 2462 1196 2491 Malos
1217 2462 1322 2499 perdit.
