1653 2668
662 145 705 151 —-
761 125 925 162 205-

572 219 632 252 178.
677 219 722 252 De
742 221 850 253 sancto
872 220 1011 262 Georgio-

131 288 162 322 1.
191 289 299 332 Salve,
326 292 453 330 martyr
477 291 626 333 gloriose,
821 294 853 325 4.
882 291 987 334 Salve,
1013 292 1117 325 victor
1140 292 1172 324 in
1196 291 1375 329 tormentis,

189 338 261 371 Ave
285 337 380 370 miles
403 338 554 379 pretiose,
880 339 965 373 Fide
990 342 1137 373 constans
1158 347 1256 372 verae
1279 338 1396 371 mentis

238 384 361 418 Christi
386 383 445 418 flos
470 386 616 429 militiae,
929 388 1047 428 Spreta
1070 387 1229 431 idolatria,

190 434 215 467 O
243 433 362 474 Georgi
387 433 538 476 gratiose,
882 436 959 469 Post
977 438 1136 469 tormenta
1161 435 1337 469 decollatus

190 480 331 514 Germen
356 481 471 522 stirpis
496 490 669 522 generosae
880 483 926 515 Et
950 493 1020 516 cum
1045 484 1164 517 sanctis
1189 483 1346 516 exaltatus

241 528 353 562 Gentis
378 529 622 570 Kappadociae.
928 532 968 564 111
994 533 1124 564 coelesti
1148 532 1265 572 patria.

131 588 164 620 2.
191 586 301 628 Salve,
329 587 433 619 crucis
458 587 630 620 vexillator
823 590 853 622 5.
880 588 986 630 Salve,
1011 591 1145 632 martyr,
1172 597 1246 630 spes
1263 588 1448 628 Anglorum‚

194 633 241 667 Et
267 635 386 667 virtute
410 635 626 676 triumphator
881 636 956 669 Dux
980 640 1014 669 et
1036 638 1134 670 decus
1158 637 1360 677 bellatorum,

240 682 396 716 Coelestis
423 681 586 724 signifero,
927 685 1039 718 Honor
1060 688 1093 717 te
1118 685 1299 724 colentium,

194 730 259 763 Per
283 739 377 771 quem
398 731 468 764 sola
491 731 576 771 regis
601 733 678 764 nata
881 732 976 765 Alme
1002 732 1122 765 Christi
1145 733 1328 775 proeliator,

194 778 258 811 Est
282 788 302 810 a
327 777 420 811 fauce
443 778 582 812 liberata
882 779 932 813 Sis
957 780 1113 822 benignus
1140 780 1323 813 defensator

236 826 396 860 Draconis
420 826 578 867 pestiferi.
928 829 968 862 In
992 832 1026 861 te
1052 828 1279 863 confitentium.

135 886 166 918 3.
195 884 301 924 Salve,
327 884 421 916 miles
446 884 561 917 summi
584 884 656 924 Dei,
822 887 855 920 6.
882 886 948 919 Ora
974 886 1145 927 Christum,
1172 886 1293 921 Christi
1318 894 1402 929 care,

193 933 257 966 Per
281 932 434 965 virtutem
455 935 587 965 sanctae
610 933 680 974 spei
883 934 928 967 Et
951 934 1089 967 Mariam
1116 935 1301 977 deprecare,

239 980 401 1020 Superans
429 981 604 1021 daemonia,
929 981 976 1015 Ut
1001 982 1134 1015 devictis
1159 982 1304 1015 hostibus

193 1029 239 1061 Et
260 1037 321 1069 pro
348 1027 476 1062 Christo
499 1032 608 1061 mente
631 1029 718 1062 laeta
881 1029 946 1062 Hic
968 1030 1126 1070 possimus
1152 1029 1350 1070 triumphare

189 1076 296 1116 Hujus
319 1076 433 1110 mundi
456 1085 577 1117 pompa
600 1079 711 1117 spreta
881 1077 927 1110 Et
949 1081 1025 1118 post
1046 1082 1182 1111 mortem
1210 1085 1405 1118 conregnare

238 1124 426 1165 Despexisti
450 1124 567 1157 omnia.
929 1126 1049 1158 Tecum
1073 1125 1108 1158 in
1133 1124 1335 1158 coelestibus.

208 1190 290 1218 Orat.
311 1198 366 1218 ms..
381 1198 459 1218 saec.
474 1187 519 1218 15.
534 1189 604 1218 God.
620 1190 787 1218 Londinen.
800 1191 887 1219 Harl.
900 1188 986 1219 2837.
999 1191 1035 1218 A.
1048 1206 1085 1211 -
1100 1191 1182 1219 Orat.
1195 1199 1250 1219 ms.
1262 1189 1431 1217 {Dr-udonem
1443 1198 1455 1214 ²,

133 1237 209 1257 saec.
230 1226 264 1256 16
285 1228 325 1256 in.
348 1228 418 1256 Cod.
439 1228 579 1256 Leodien.
600 1225 668 1256 395.
688 1229 722 1256 B.
743 1244 781 1249 ⁴-
803 1227 828 1263 1,
849 1226 867 1257 3
887 1229 962 1257 fehlt
980 1230 1012 1257 B.
1034 1243 1069 1249 —
1094 1227 1117 1264 1,
1140 1227 1157 1250 F
1178 1237 1221 1266 sq.
1243 1228 1341 1257 fehlon
1360 1228 1394 1256 Β,
1415 1244 1437 1248 -

132 1265 164 1303 2,
186 1265 204 1295 3
224 1267 306 1295 solus
326 1267 361 1295 Α.
382 1282 421 1287 —-
443 1264 474 1304 3,
497 1265 513 1294 1
534 1268 613 1303 regis
633 1267 693 1295 Dei
711 1267 747 1295 B.
768 1281 805 1286 -—
826 1266 859 1303 3,
880 1266 899 1296 4
917 1268 960 1295 Et
977 1267 1052 1295 fehlt
1069 1268 1109 1303 B,-
1138 1267 1248 1295 Christi
1269 1267 1303 1295 A.
1324 1281 1361 1286 —
1381 1264 1415 1300 4,
1438 1264 1454 1294 1

129 1307 226 1334 vietor
245 1313 335 1334 verae
353 1306 461 1334 mentis
481 1305 515 1333 A.
529 1320 569 1326 ·—-
581 1303 608 1339 4,
632 1303 650 1333 2
671 1308 810 1334 constans
830 1307 926 1334 victor
945 1307 1053 1334 mentis
1066 1307 1101 1335 A.
1115 1322 1153 1327 —-
1167 1306 1225 1334 Str.
1246 1305 1263 1334 5
1285 1305 1359 1333 fehlt
1368 1305 1419 1333 Β.-

132 1343 157 1379 6,
179 1341 197 1372 3
217 1343 254 1372 <le
275 1345 388 1372 cunetis
408 1343 544 1372 hostibus
563 1344 597 1372 B.

577 1464 637 1497 179.
676 1465 721 1498 De
741 1465 848 1498 sancto
872 1464 1014 1507 Georgio.

162 1549 192 1583 1.
219 1549 302 1588 Ave,
330 1547 487 1588 Quiritum
513 1546 624 1589 gloria,
911 1547 1037 1586 Quanta
1060 1547 1132 1579 luce
1157 1546 1360 1587 corruscasti,

220 1598 302 1637 Ave,
328 1599 507 1635 martyrum
533 1595 676 1634 victoria,
829 1596 884 1628 20.
912 1594 1076 1635 Virginem
1102 1595 1177 1627 dum
1200 1593 1346 1627 liberasti

219 1645 301 1686 Ave,
325 1645 383 1677 lux
411 1643 607 1683 thronorum,
910 1643 1027 1676 Mortis
1054 1643 1094 1675 ab
1122 1642 1218 1676 exitio

219 1694 300 1737 Ave,
328 1693 393 1725 dux
417 1694 636 1733 patronorum,
909 1690 1006 1724 Fidei
1029 1690 1194 1734 mysterio,

161 1743 192 1777 5.
218 1743 299 1783 Ave,
324 1740 436 1773 inclite
459 1739 649 1781 proeliator,
910 1739 1091 1772 Draconem
1114 1738 1348 1781 interficiendo,

220 1789 405 1824 orthodoxe
429 1789 637 1830 propagator,
913 1787 961 1821 Ob
987 1787 1049 1820 hoc
1071 1795 1180 1828 regem
1206 1788 1430 1821 convertendo.

218 1839 354 1871 Inclitus
378 1840 410 1869 et
429 1837 598 1877 gloriosus,
828 1836 883 1869 25.
911 1835 964 1868 Ex
989 1845 1050 1876 quo
1074 1835 1300 1879 nobilissimus,

221 1885 321 1918 Nulla
346 1886 465 1926 quippe
488 1884 562 1918 labe
586 1893 686 1929 rosus,
915 1883 1044 1917 Cunctis
1068 1883 1319 1925 potentissimus,

222 1934 422 1967 Strenuitate
445 1932 588 1976 fulcitus,
913 1932 1009 1965 Certe
1032 1932 1150 1965 nobilis
1176 1934 1333 1974 equester,

139 1984 195 2019 10.
222 1983 261 2015 In
285 1983 382 2015 latria
406 1981 522 2014 sistens
549 1981 641 2025 citus,
912 1980 1002 2014 Inter
1025 1989 1077 2013 me
1103 1983 1135 2013 et
1157 1980 1216 2014 hos
1241 1983 1307 2013 tres
1333 1981 1440 2014 hostes

223 2029 341 2071 Georgi
366 2030 577 2070 sanctissime,
913 2028 1001 2062 Coeli
1028 2028 1166 2062 defende
1190 2032 1226 2062 ut
1249 2032 1367 2072 postes,

218 2078 365 2112 Moribus
389 2078 590 2121 gravissime,
830 2079 887 2113 30.
912 2077 1058 2119 Carnem,
1093 2078 1341 2119 daemonemque
1369 2087 1458 2112 mun-

218 2127 267 2161 Tu
291 2127 425 2161 illaesus
450 2126 667 2168 permansisti,
1232 2126 1315 2159 dum.

218 2177 305 2209 Dum
328 2176 451 2209 virtute
473 2175 555 2209 Jesu
578 2175 698 2208 Christi
912 2174 982 2207 Fac
1004 2183 1057 2206 me
1079 2175 1142 2207 iter
1167 2174 1217 2207 ire
1239 2176 1392 2208 mundum

135 2226 193 2260 15.
219 2224 434 2258 Intoxieatum
460 2222 580 2263 bibisti,
911 2222 958 2256 Et
986 2223 1033 2255 sic
1055 2223 1133 2264 jube
1157 2224 1307 2263 militare,

220 2273 316 2308 Unde
339 2281 466 2313 magum
492 2272 689 2305 convertisti.
916 2270 1046 2304 Coelum
1070 2272 1190 2312 possim
1214 2276 1251 2305 ut
1273 2273 1404 2316 intrare,

219 2323 244 2357 O
270 2332 338 2363 rex,
365 2323 494 2362 spretor
518 2321 760 2363 mundanorum,
918 2320 986 2353 Tuo
1012 2323 1122 2354 sancto
1147 2320 1205 2354 sub
1231 2322 1348 2356 vexillo

214 2371 425 2405 Frivolantur
449 2370 534 2403 vires
559 2378 702 2411 quorum,
837 2370 893 2404 35.
919 2368 1044 2402 Locans
1061 2378 1119 2403 nos
1136 2372 1212 2403 tunc
1225 2369 1259 2403 in
1276 2372 1458 2413 tranquillo.

211 2438 300 2468 Scala
320 2437 396 2467 coeli
416 2445 493 2466 saec.
515 2434 559 2467 14.
580 2446 624 2466 ex.
646 2437 716 2467 Cod.
735 2437 863 2475 Pragen.
883 2436 959 2466 XII-I
981 2435 1008 2465 Ε
1030 2434 1058 2466 3.
