1653 2668
736 140 969 175 —18-

201 239 231 272 6.
256 238 306 270 Tu
331 238 384 277 qui
408 246 499 270 sacer
524 237 650 270 Adonai

257 285 440 318 Nominaris
466 288 497 317 et
521 285 628 323 Sadai,

259 333 457 375 Emmanuel,
484 333 570 365 Deus
595 341 727 373 mecum,

258 381 309 413 Da
332 383 369 412 ut
392 390 518 421 semper
541 380 604 412 mei
627 383 730 411 tecum

314 428 426 461 Cordis
452 429 493 460 sit
518 428 720 468 principium.

258 477 308 509 Tu
333 476 386 516 qui
410 476 500 508 theos
527 476 712 516 appellaris,

259 524 437 556 Athanatos
463 526 494 555 et
519 523 653 564 vocaris,

259 572 418 612 Ischyros,
445 580 462 603 o
487 570 575 603 Deus
600 569 703 610 fortis,

257 618 326 651 Fac
349 628 400 650 me
424 618 507 650 scire
533 618 618 650 diem
641 618 753 650 mortis

312 666 420 699 Meum
445 668 540 706 atque
564 665 742 698 transitum.

202 726 232 757 7.
258 724 306 756 Tu
331 723 417 755 Deus
444 721 610 765 [summus]
635 723 741 763 Elion,

259 771 318 810 Qui
343 771 399 803 das
424 771 560 803 salutem
583 771 615 802 in
642 770 728 810 Sion,

260 819 366 858 Salva,
394 818 529 858 Christe,
555 827 606 850 me
626 819 822 861 clamantem,

259 866 342 899 Nam
366 869 399 897 te
422 866 513 897 timet
533 866 730 906 judicantem

314 913 389 946 Mea
413 922 498 945 nunc
520 912 688 955 fragilitas.

259 961 346 993 Deus
372 963 464 1001 pater
488 961 673 1002 theocloron,

260 1010 338 1042 Jesu
364 1008 498 1049 Christe,
524 1007 581 1049 fili,
609 1018 659 1050 on,

259 1056 302 1088 Et
327 1056 489 1088 amborum
514 1065 638 1088 sacrum
662 1054 787 1097 flamen,

261 1104 310 1135 Tu
334 1104 378 1135 sis
402 1103 480 1135 mihi
505 1104 705 1146 adJuvamen,

314 1150 432 1183 Sancta
455 1151 517 1183 Dei
540 1151 678 1185 trinitas

202 1210 233 1242 8.
261 1208 402 1240 Sabaoth
427 1217 444 1239 o
471 1210 503 1239 et
524 1208 654 1248 Messia,

259 1257 555 1295 Tetragrammaton
581 1258 612 1287 et
636 1257 686 1295 Ja,

261 1302 382 1335 Cuncta
405 1303 490 1334 mala
514 1303 626 1342 procul
651 1303 745 1342 pelle,

262 1350 359 1382 Venti
383 1351 499 1382 cedant
524 1352 556 1381 et
578 1351 748 1390 procellae,

314 1397 359 1429 Et
383 1398 477 1429 turbo
504 1398 695 1430 concutiens.

260 1445 309 1476 Tu
333 1445 388 1477 lux
411 1454 490 1484 mea,
518 1454 575 1485 ops
598 1447 634 1476 et
657 1445 734 1487 vita,

261 1492 337 1524 Heli
360 1492 457 1532 Deus,
484 1493 565 1524 velis
590 1493 636 1525 ita

261 1540 368 1572 Meam
391 1540 495 1573 visere
519 1549 697 1583 personam,

260 1587 311 1620 Ne
334 1596 386 1619 res
409 1588 525 1627 perdat
549 1590 582 1619 et
608 1597 753 1620 coronam

315 1636 457 1675 Angelus
481 1636 670 1675 percutiens,

908 238 939 270 9.
965 236 1048 269 Mihi
1071 238 1202 276 praesta
1226 236 1395 269 sanitatem

965 284 1011 317 Et
1032 283 1115 316 hanc
1140 282 1250 316 confer
1274 279 1435 325 pietatem,

964 331 1010 364 Ut
1032 332 1108 363 hinc
1132 332 1238 364 hostes
1264 331 1448 372 effugentur,

967 379 1044 412 Cum
1069 379 1147 411 haec
1171 382 1227 411 tua
1249 380 1437 412 invocentur

1022 426 1168 459 Gloriosa
1191 427 1328 459 nomina.

965 475 990 508 O
1016 483 1072 507 vos
1097 480 1204 507 omnes
1229 475 1333 507 sancti
1356 474 1429 515 Dei,

965 522 1041 554 Sitis
1067 521 1251 554 defensores
1276 523 1348 566 mei,

965 570 1002 602 In
1024 570 1085 602 hac
1108 570 1189 602 hora
1212 570 1379 602 subvenite

964 617 1047 649 Mihi
1071 626 1127 649 reo
1154 619 1185 649 et
1203 618 1321 658 venite,

1019 664 1191 697 Beatorum
1216 666 1351 705 agmina.

930 748 938 755 .
966 723 990 755 O
1014 731 1130 763 magne
1154 722 1304 762 princeps
1329 722 1481 762 Michael‚

967 769 1097 802 Gabriel
1122 773 1217 810 atque
1237 770 1394 811 Raphael,

966 818 990 850 Ο
1019 817 1132 849 chorus
1154 818 1350 858 angelorum,

967 864 1082 897 Coetus
1106 865 1332 907 apostolorum,

1019 912 1074 945 Me
1098 921 1186 945 reum
1212 911 1394 953 defendite;

965 961 989 994 O
1015 969 1072 993 vos
1096 969 1203 1006 omnes
1229 959 1437 1000 confessores,

966 1008 1076 1040 Sancti
1098 1009 1216 1047 patres*
1234 1011 1265 1039 et
1292 1009 1438 1040 doctores

965 1055 1208 1095 Martyrumque
1232 1056 1329 1088 turba
1350 1056 1405 1095 pia

965 1102 1028 1135 Dei
1051 1106 1155 1134 matre
1180 1111 1248 1134 cum
1272 1104 1380 1136 Maria

1019 1150 1103 1182 Mihi
1125 1160 1210 1182 nunc
1233 1151 1419 1184 succurrite.

885 1208 940 1241 11.
964 1207 1010 1239 Et
1034 1207 1131 1239 oretis
1156 1207 1209 1247 pio
1234 1216 1324 1239 more

965 1255 1065 1287 Deum
1092 1263 1151 1294 pro
1175 1262 1235 1286 me*
1251 1258 1429 1296 peccatore,

968 1303 1015 1336 Ut
1040 1303 1187 1343 dignetur
1211 1311 1263 1334 me
1286 1304 1422 1343 salvare,

965 1350 1048 1382 Mihi
1073 1350 1152 1382 velit
1177 1352 1209 1381 et
1231 1353 1399 1390 praestare

1022 1397 1211 1429 Poenitendi
1235 1399 1348 1437 spatia.

966 1445 1062 1488 Ergo,
1091 1445 1169 1478 Jesu
1193 1447 1296 1485 pater,
1325 1445 1460 1485 Christe,

969 1494 1034 1525 Per
1058 1501 1152 1532 quem
1177 1492 1257 1524 vivit
1281 1493 1510 1533 mundus-iste,

968 1540 1061 1572 Dona
1084 1540 1163 1571 mihi
1187 1541 1354 1580 possidere

969 1589 1031 1621 Per
1053 1590 1088 1619 te
1112 1596 1238 1627 semper
1262 1591 1297 1620 et·
1318 1588 1437 1620 habere

1021 1635 1221 1675 Sempiterna
1246 1636 1372 1676 gaudia.

278 1700 366 1729 Scala
390 1701 464 1728 coeli
491 1709 566 1728 saec.
594 1699 637 1729 14.
666 1709 709 1729 ex.
743 1700 811 1729 cod.
839 1702 962 1738 Pragen.
983 1701 1059 1729 xm:
1077 1701 1105 1728 E
1124 1698 1151 1728 3.
1173 1715 1209 1719 —
1232 1702 1425 1738 ,Quicunque
1449 1710 1512 1730 ora-

201 1740 310 1767 tionem
321 1739 553 1775 s,ubsequentem
568 1747 662 1776 quae
676 1748 711 1767 es
719 1742 732 1767 t,
745 1740 1074 1776 heatiAugustinu,
1087 1747 1182 1776 nsque
1198 1723 1239 1767 ad,
1247 1739 1335 1767 finem
1347 1741 1428 1768 vitae
1441 1749 1512 1768 suae

202 1777 305 1805 devote
324 1777 432 1805 dixerit
450 1778 560 1813 absque
574 1778 662 1806 dubio
678 1778 715 1805 ad
728 1787 849 1815 regnum
864 1779 1010 1813 coelorum
1025 1779 1061 1806 ab
1076 1778 1190 1814 augelis
1203 1778 1385 1814 peldxucetm
1390 1778 1403 1791 “
1440 1779 1513 1806 Ver-

202 1816 262 1842 fass
265 1824 295 1843 er
318 1815 462 1843 nielleicht
474 1816 581 1843 Amest
592 1825 652 1845 von
665 1816 873 1844 Pa1dubic.—
894 1815 920 1852 6,
941 1814 959 1845 3
978 1816 1154 1845 Emmanuel
1175 1825 1190 1844 o
1211 1817 1301 1845 Deus
1322 1831 1359 1835 —
1382 1816 1415 1853 ’7,
1432 1816 1447 1846 1
1468 1818 1514 1845 Tu

202 1854 283 1881 Deus
304 1854 430 1889 eleison3
456 1853 616 1882 offenbaies
636 1855 851 1883 Verschreiben
870 1856 919 1883 bei
938 1851 1057 1893 Mangel
1074 1863 1134 1882 von
1153 1856 1226 1883 zwei
1247 1847 1358 1883 Silben.
1384 1869 1421 1874 -
1447 1855 1472 1890 ’7,
1495 1855 1512 1883 ’7

204 1891 278 1919 fehlt,
297 1893 362 1919 eine
383 1875 480 1928 sisbe3
502 1891 609 1920 ebenso
632 1890 675 1932 10,
696 1891 714 1921 3
735 1902 778 1930 sq.

543 2004 574 2034 4.
609 2004 721 2037 *Oratio
744 2005 780 2037 de
801 2004 1023 2037 Incarnatione
1044 2003 1168 2042 Christi.

206 2076 236 2108 1.
261 2075 374 2108 Multis
398 2086 419 2108 a
444 2075 662 2109 confratribus

310 2123 385 2155 Sum
410 2133 506 2164 saepe
528 2127 668 2166 rogatus,

263 2170 309 2203 Ut
333 2172 378 2203 eis
402 2180 592 2212 exponerem

309 2219 426 2251 totiens
451 2220 617 2261 probatus,

264 2267 366 2307 Quare
389 2267 453 2299 Dei
474 2266 559 2300 filius

312 2315 358 2346 sic
382 2318 430 2346 est
450 2315 652 2359 humanatus,

264 2363 312 2396 Ut
334 2363 368 2394 in
392 2363 495 2395 crucis
521 2364 669 2398 cornibus

312 2409 406 2443 fieret
429 2412 562 2451 assatus,

945 2078 989 2110 Et
1016 2086 1072 2110 cur
1097 2078 1164 2118 ejus
1189 2079 1300 2111 lancea

993 2125 1158 2158 foderetur
1182 2126 1267 2158 latus
1277 2138 1286 2167 3

948 2173 1001 2206 Sic
1024 2174 1131 2214 incepi
1158 2174 1265 2206 dicere
1296 2191 1299 2194 -

993 2222 1102 2254 multis
1126 2222 1300 2255 invitatus:
1320 2239 1323 2242 ·

889 2281 920 2312 2.
947 2279 1019 2312 Viri
1036 2279 1266 2322 venerabiles,.-
1305 2293 1317 2302 ·-

994 2327 1056 2359 viri
1078 2326 1208 2371 literati,

945 2374 1063 2407 Hostes
1079 2376 1273 2417 injustitiae,
1299 2389 1302 2392 ·

995 2423 1119 2463 legibus
1144 2423 1268 2464 armati,
1317 2437 1320 2440 ·
