1653 2668
723 148 980 184 -166-

200 255 232 286 2.
257 253 338 294 Ave,
365 249 539 291 apostolica
765 270 768 273 .
879 247 910 278 4.
937 245 1017 280 Ave,
1044 250 1062 273 ο
1087 241 1271 281 pontificum

259 299 377 333 Cohors
403 301 435 329 et
457 295 645 337 prophetica
939 291 1059 324 Cohors
1085 292 1117 320 et
1139 287 1307 321 mirificum

303 347 348 379 Et
370 344 625 385 patriacharum3
983 339 1108 377 Agmen
1133 336 1369 374 monachorum,

258 394 353 426 Adsit
379 399 501 432 quoque
523 389 665 422 medicus
936 385 1056 418 Adsint
1081 385 1268 416 eremicolae

259 441 379 475 Chorus
405 441 437 470 et
460 438 618 469 theoricus
937 434 982 466 Et
1005 441 1113 464 omnes
1139 431 1281 464 deicolae

306 486 594 525 Evangelistarum‚
983 480 1079 520 Legis
1099 479 1331 517 confessorum

256 532 374 567 Adsint
398 534 431 564 et
455 531 614 572 discipuli,
939 528 1117 561 Occurrant
1141 530 1173 558 et
1196 526 1347 566 virgines,

260 581 500 619 Contemptores
525 577 643 611 saeculi
937 576 1111 608 Viduarum
1136 575 1265 606 ordines

304 629 347 661 Et
371 635 476 658 rerum
503 628 694 667 cunctarum,
984 622 1029 654 Et
1053 622 1303 661 conjugatorum,

259 675 372 708 Omnes
396 682 455 713 pro
480 682 529 705 me
554 672 680 705 fundite
939 671 1055 703 Omnes
1079 677 1131 700 me
1154 667 1321 705 attendite,

259 723 372 754 Preces
398 723 430 752 et
453 729 503 752 me
529 720 644 759 cingite
940 718 1002 750 Pro
1027 724 1078 747 me
1101 724 1213 755 preces
1240 715 1327 747 edite

303 768 403 801 Donis
428 768 612 808 gratiarum.
987 763 1129 803 Principi
1157 764 1326 795 coelorum.

201 828 233 860 3.
259 827 337 866 Ave,
363 824 577 856 innocentium
882 824 912 854 5.
940 822 1021 860 Ave,
1043 820 1138 852 turba
1163 819 1302 852 omnium

257 872 365 905 Turba
387 872 589 904 morientium
940 869 1063 902 Civium
1089 868 1282 906 coelestium,

304 921 368 952 Pro
395 919 532 961 Christo,
558 919 652 951 beata
988 915 1047 956 Qui
1071 917 1207 955 regnant
1231 922 1302 945 cum
1327 913 1416 957 Deo;

259 967 377 1007 Turba,
403 975 471 1006 ave,
497 967 590 999 niveo
940 963 1077 1003 Propter
1100 971 1171 994 mea
1196 961 1275 994 vitia

261 1013 406 1046 Candore
431 1017 463 1045 et
486 1013 583 1045 rubeo
944 1011 993 1043 Ad
1018 1012 1126 1042 vestra
1150 1009 1301 1049 suffragia

306 1061 488 1100 Martyrum
513 1063 636 1093 ornata.
988 1058 1131 1097 Supplex
1157 1066 1213 1098 ego
1237 1054 1309 1096 fleo,

259 1109 321 1140 Per
345 1110 454 1140 vestra
476 1108 630 1148 martyria
939 1107 1003 1138 Pro
1028 1113 1079 1136 me
1102 1104 1297 1136 intercedite

259 1155 366 1187 Mater
391 1157 439 1187 est
464 1154 599 1187 ecclesia
942 1153 1170 1192 Placatumque
1194 1150 1322 1184 reddite

307 1202 445 1235 Pulchre
466 1203 653 1243 purpurata,
989 1200 1093 1232 Deum
1116 1200 1194 1231 mihi
1219 1207 1284 1241 reo,

262 1251 325 1282 Pro
351 1251 459 1281 vestra
482 1248 617 1282 victoria
942 1247 1009 1279 Sim
1032 1247 1065 1278 in
1090 1247 1170 1279 coeli
1194 1246 1274 1279 solio

261 1297 343 1328 Mihi
370 1297 483 1328 dentur
505 1296 619 1337 gaudia
941 1294 1111 1327 Vobiscum
1136 1294 1169 1326 in
1194 1293 1310 1334 gaudio

310 1345 349 1376 ln
375 1344 470 1375 coelis
495 1345 615 1384 optata.
990 1343 1036 1375 Et
1060 1350 1128 1373 cum
1154 1343 1233 1375 {lesu
1255 1349 1336 1372 meo.

280 1408 313 1436 Ca
322 1409 348 1436 sl.
358 1408 539 1436 Mellicensis
550 1405 607 1436 932
620 1415 687 1435 saec
710 1406 752 1435 15.
763 1408 798 1434 A.
807 1422 817 1426 ν
860 1406 928 1434 Cod.
941 1406 1146 1434 Garolsruhan.
1157 1407 1280 1442 Augien-
1292 1403 1338 1433 36.
1352 1414 1428 1433 saec.
1436 1403 1511 1433 ¹4115.

204 1446 237 1473 Β.
251 1461 289 1466 —-
310 1445 335 1478 1,
356 1443 373 1473 3
393 1446 468 1473 Mihi
486 1446 560 1474 fehlt
572 1445 607 1472 Λ.
628 1460 664 1464 —-
689 1444 713 1480 1,
735 1443 751 1473 6
775 1444 868 1480 Culpa
886 1444 960 1472 fehlt
977 1446 1010 1472 B.
1029 1459 1067 1463 —
1090 1442 1114 1479 1,
1134 1442 1153 1472 8
1174 1447 1203 1472 et
1220 1443 1295 1471 fehlt
1313 1443 1347 1470 A.
1368 1459 1407 1463 —
1428 1443 1452 1478 1,
1476 1441 1511 1471 10

204 1493 260 1520 que
278 1484 352 1512 fehlt
370 1484 404 1511 A.
431 1498 468 1502 —
497 1482 521 1517 1,
544 1481 577 1511 11
598 1484 690 1511 Dives
709 1483 744 1510 A.
765 1497 801 1502 —-—
823 1482 847 1515 1,
871 1480 905 1509 12
926 1482 1047 1519 Semper
1067 1485 1208 1519 augeatur
1227 1482 1262 1510 A.
1284 1496 1320 1501 —
1341 1480 1366 1516 2,
1387 1480 1407 1509 4
1426 1481 1513 1510 Adsit

204 1529 313 1556 quoque
338 1521 411 1550 fehlt
426 1523 465 1557 133
486 1522 617 1550 modicus
637 1521 670 1548 B.
690 1535 729 1540 —
748 1520 775 1556 2,
797 1519 831 1548 11
852 1529 899 1548 me
918 1522 1020 1557 ungite
1040 1521 1073 1548 B.
1094 1535 1130 1539 —-
1150 1518 1178 1555 3,
1204 1519 1218 1548 1
1238 1521 1410 1548 innocentia
1425 1522 1459 1549 B.
1474 1534 1511 1538 -

204 1558 237 1592 2²),
263 1558 282 1587 2
306 1559 471 1588 morientia.
490 1575 529 1579 —
547 1557 578 1593 23,
605 1557 626 1586 4
645 1559 708 1587 Ave
726 1560 815 1587 turba
832 1559 866 1586 B.
886 1573 923 1577 —
943 1556 977 1593 3,
1002 1556 1019 1587 5
1039 1558 1235 1595 Candoreque
1253 1559 1287 1586 B.
1309 1573 1346 1577 --
1365 1557 1400 1592 2,
1425 1558 1442 1585 7
1463 1558 1512 1585 his

205 1595 222 1624 9
248 1597 345 1626 fehlen
364 1598 397 1625 B.
416 1613 455 1617 —
474 1596 507 1632 2,
535 1596 570 1625 11
590 1597 684 1624 Nobis
705 1597 808 1625 dentur
827 1596 861 1624 A.
882 1611 921 1616 -—
939 1595 971 1629 4,
996 1596 1016 1625 4
1035 1596 1142 1624 Adsint
1161 1600 1191 1625 et
1209 1597 1404 1625 heremicolae
1422 1598 1456 1625 Β.
1477 1610 1514 1615 —

204 1633 237 1668 4,
258 1634 275 1663 5
296 1636 461 1672 Omnesque
479 1637 511 1663 B.
531 1650 567 1654 —
587 1633 620 1669 4,
641 1634 658 1661 7
680 1634 883 1670 Ocnurantque
901 1635 934 1662 Β.
954 1650 993 1654 -
1012 1633 1047 1669 5,
1068 1632 1086 1663 3
1106 1636 1222 1672 Regnat
1241 1643 1317 1670 quae
1337 1644 1403 1663 cum
1422 1636 1455 1663 B.
1476 1649 1513 1653 —

206 1671 232 1706 5,
254 1672 271 1700 ἓ,Ὶ
290 1674 500 1710 Placatumquc
512 1674 545 1701 B.
564 1687 602 1692 -—
614 1673 673 1701 Das
690 1673 764 1701 Lied
784 1672 862 1701 steht
881 1673 929 1701 bei
942 1674 1030 1701 Mene
1049 1673 1104 1708 111,
1127 1673 1145 1699 δ’
1168 1682 1220 1710 sq„
1242 1674 1312 1701 aber
1332 1673 1512 1704 luckenhaft‚

206 1711 332 1739 weshalb
354 1719 384 1738 es
403 1711 468 1739 hier
490 1711 659 1740 wiederholt
679 1712 726 1739 ist.

558 1803 618 1835 132.
658 1803 784 1835 Litania
805 1802 946 1834 Omnium
965 1804 1156 1835 Sanctorum.

223 1874 253 1906 1.
282 1872 425 1906 Clemens
449 1876 551 1917 pater,
578 1874 666 1907 verbi
692 1877 788 1918 sator,
890 1875 920 1907 3.
947 1875 972 1907 Ο
998 1873 1114 1915 Maria,
1139 1873 1256 1907 florens
1283 1884 1367 1919 rosa,

281 1920 415 1964 Christe,
441 1922 538 1954 saecli
558 1920 758 1961 reformator,
946 1922 1044 1963 Virgo
1069 1921 1161 1954 Jesse
1179 1922 1351 1967 fructuosa,

279 1968 438 2001 Paraclite
463 1970 651 2009 consolator,
947 1969 1047 2002 Nobis
1073 1979 1169 2009 prece
1193 1971 1332 2011 gloriosa

280 2015 378 2057 Deus,
406 2016 541 2049 clemens
565 2016 743 2057 miserator,
948 2017 1060 2058 Regna
1083 2018 1191 2057 pande
1214 2018 1331 2052 liliosa.

891 2075 923 2107 4.
950 2074 974 2107 O
997 2074 1172 2116 phalanges
1197 2076 1390 2119 angelorum,

950 2122 974 2154 O
1000 2123 1148 2155 custodes
1172 2124 1340 2167 viatorum,

949 2169 1038 2202 Inter
1061 2171 1140 2203 odas
1162 2171 1329 2204 beatorum

950 2217 1018 2249 Nos
1042 2218 1218 2251 transferte
1241 2220 1440 2260 gaudiorum.

212 2094 252 2126 R‘
284 2095 334 2127 Da
356 2098 392 2126 ut
416 2097 516 2129 omnis
539 2097 631 2137 plebs
652 2100 831 2130 sanctorum

282 2142 329 2174 Te
351 2142 501 2183 imploret
523 2148 619 2185 atque
642 2145 754 2177 horum

282 2190 368 2222 Audi
392 2199 495 2234 voces,
523 2201 580 2225 rex
605 2193 772 2226 coelorum.

227 2270 258 2304 2.
285 2270 309 2303 O
335 2271 448 2303 decore
472 2281 529 2304 rex
554 2273 709 2313 coelestis,
894 2276 925 2307 5.
952 2275 977 2307 O
1003 2284 1177 2315 praecones
1201 2277 1314 2309 summi
1339 2278 1434 2321 regis,

283 2317 333 2349 Da
356 2318 497 2352 solamen
521 2320 605 2353 vitae
628 2322 768 2364 maestis,
955 2322 1140 2356 Servatores
1166 2325 1306 2366 scriptae
1329 2326 1421 2369 legis,

284 2364 330 2397 Ut
351 2368 425 2406 post
448 2367 541 2407 hujus
564 2366 660 2400 finem
685 2370 784 2408 pestis
956 2370 1162 2404 Patriarchae
1187 2381 1259 2405 cum
1281 2374 1461 2415 prophetis,

286 2413 471 2445 Intersimus
494 2415 558 2447 tuis
582 2414 686 2447 festis.
955 2418 1058 2449 Nobis
1082 2420 1135 2458 pie
1158 2421 1350 2460 suffragetis,
