<?xml version="1.0" encoding="UTF-8"?>
<!DOCTYPE html PUBLIC "-//W3C//DTD XHTML 1.0 Transitional//EN"
    "http://www.w3.org/TR/xhtml1/DTD/xhtml1-transitional.dtd">
<html xmlns="http://www.w3.org/1999/xhtml" xml:lang="en" lang="en">
 <head>
  <title>
</title>
<meta http-equiv="Content-Type" content="text/html;charset=utf-8" />
  <meta name='ocr-system' content='tesseract 3.04.00' />
  <meta name='ocr-capabilities' content='ocr_page ocr_carea ocr_par ocr_line ocrx_word'/>
</head>
<body>
  <div class='ocr_page' id='page_1' title='image "./analectahymnica15drevuoft_00028.png"; bbox 0 0 1653 2668; ppageno 0'>
   <div class='ocr_carea' id='block_1_1' title="bbox 708 136 946 177">
    <p class='ocr_par' dir='ltr' id='par_1_1' title="bbox 708 136 946 177">
     <span class='ocr_line' id='line_1_1' title="bbox 708 136 946 177; baseline -0.004 -10"><span class='ocrx_word' id='word_1_1' title='bbox 708 136 946 177; x_wconf 76' lang='lat'>-25-—</span> 
     </span>
    </p>
   </div>
   <div class='ocr_carea' id='block_1_2' title="bbox 167 237 1448 2011">
    <p class='ocr_par' dir='ltr' id='par_1_2' title="bbox 167 237 1448 2011">
     <span class='ocr_line' id='line_1_2' title="bbox 167 237 1336 280; baseline -0.003 -7"><span class='ocrx_word' id='word_1_2' title='bbox 167 240 198 273; x_wconf 86' lang='lat'>3.</span> <span class='ocrx_word' id='word_1_3' title='bbox 225 238 277 271; x_wconf 79' lang='lat' dir='ltr'>Ex</span> <span class='ocrx_word' id='word_1_4' title='bbox 301 239 393 271; x_wconf 82' lang='lat' dir='ltr'>utero</span> <span class='ocrx_word' id='word_1_5' title='bbox 419 238 569 279; x_wconf 86' lang='lat' dir='ltr'>virginali</span> <span class='ocrx_word' id='word_1_6' title='bbox 883 240 914 273; x_wconf 89' lang='lat'>9.</span> <span class='ocrx_word' id='word_1_7' title='bbox 941 239 1011 271; x_wconf 87' lang='lat' dir='ltr'>Tua</span> <span class='ocrx_word' id='word_1_8' title='bbox 1037 239 1134 280; x_wconf 87' lang='lat' dir='ltr'>clara,</span> <span class='ocrx_word' id='word_1_9' title='bbox 1160 238 1215 278; x_wconf 88' lang='lat' dir='ltr'>pie</span> <span class='ocrx_word' id='word_1_10' title='bbox 1239 237 1336 278; x_wconf 90' lang='lat' dir='ltr'>Deus,</span> 
     </span>
     <span class='ocr_line' id='line_1_3' title="bbox 274 286 1324 327; baseline -0.001 -9"><span class='ocrx_word' id='word_1_11' title='bbox 274 287 414 319; x_wconf 84' lang='lat' dir='ltr'>carnalis</span> <span class='ocrx_word' id='word_1_12' title='bbox 438 287 580 327; x_wconf 74' lang='lat' dir='ltr'>egressio</span> <span class='ocrx_word' id='word_1_13' title='bbox 987 289 1021 319; x_wconf 87' lang='lat' dir='ltr'>et</span> <span class='ocrx_word' id='word_1_14' title='bbox 1042 287 1155 327; x_wconf 84' lang='lat' dir='ltr'>ingens</span> <span class='ocrx_word' id='word_1_15' title='bbox 1179 286 1324 322; x_wconf 78' lang='lat' dir='ltr'>victoria,</span> 
     </span>
     <span class='ocr_line' id='line_1_4' title="bbox 226 333 1376 376; baseline -0.002 -10"><span class='ocrx_word' id='word_1_16' title='bbox 226 333 280 366; x_wconf 88' lang='lat' dir='ltr'>Me</span> <span class='ocrx_word' id='word_1_17' title='bbox 305 337 456 375; x_wconf 85' lang='lat' dir='ltr'>protegat</span> <span class='ocrx_word' id='word_1_18' title='bbox 479 338 575 376; x_wconf 85' lang='lat' dir='ltr'>atque</span> <span class='ocrx_word' id='word_1_19' title='bbox 599 337 654 368; x_wconf 86' lang='lat' dir='ltr'>tua</span> <span class='ocrx_word' id='word_1_20' title='bbox 941 335 1011 368; x_wconf 87' lang='lat' dir='ltr'>Tua</span> <span class='ocrx_word' id='word_1_21' title='bbox 1034 343 1148 376; x_wconf 86' lang='lat' dir='ltr'>magna</span> <span class='ocrx_word' id='word_1_22' title='bbox 1172 333 1376 374; x_wconf 87' lang='lat' dir='ltr'>sempiterna,</span> 
     </span>
     <span class='ocr_line' id='line_1_5' title="bbox 273 381 1375 424; baseline -0.001 -10"><span class='ocrx_word' id='word_1_23' title='bbox 273 385 386 415; x_wconf 89' lang='lat' dir='ltr'>sancta</span> <span class='ocrx_word' id='word_1_24' title='bbox 411 383 620 424; x_wconf 83' lang='lat' dir='ltr'>circumcisio,</span> <span class='ocrx_word' id='word_1_25' title='bbox 989 392 1082 424; x_wconf 88' lang='lat' dir='ltr'>quam</span> <span class='ocrx_word' id='word_1_26' title='bbox 1107 383 1216 422; x_wconf 87' lang='lat' dir='ltr'>habes,</span> <span class='ocrx_word' id='word_1_27' title='bbox 1242 381 1375 422; x_wconf 84' lang='lat' dir='ltr'>laetitia,</span> 
     </span>
     <span class='ocr_line' id='line_1_6' title="bbox 224 429 1370 472; baseline -0.002 -9"><span class='ocrx_word' id='word_1_28' title='bbox 224 430 282 463; x_wconf 80' lang='lat' dir='ltr'>Me</span> <span class='ocrx_word' id='word_1_29' title='bbox 308 430 482 472; x_wconf 79' lang='lat' dir='ltr'>splendore</span> <span class='ocrx_word' id='word_1_30' title='bbox 504 430 635 472; x_wconf 85' lang='lat' dir='ltr'>pietatis</span> <span class='ocrx_word' id='word_1_31' title='bbox 939 431 1102 471; x_wconf 83' lang='lat' dir='ltr'>Exoptata</span> <span class='ocrx_word' id='word_1_32' title='bbox 1124 431 1205 463; x_wconf 87' lang='lat' dir='ltr'>mihi</span> <span class='ocrx_word' id='word_1_33' title='bbox 1227 429 1370 462; x_wconf 83' lang='lat' dir='ltr'>reddant</span> 
     </span>
     <span class='ocr_line' id='line_1_7' title="bbox 273 478 1279 520; baseline 0 -10"><span class='ocrx_word' id='word_1_34' title='bbox 273 478 391 511; x_wconf 89' lang='lat' dir='ltr'>lustret</span> <span class='ocrx_word' id='word_1_35' title='bbox 414 479 587 520; x_wconf 81' lang='lat' dir='ltr'>apparitio.</span> <span class='ocrx_word' id='word_1_36' title='bbox 986 479 1129 520; x_wconf 83' lang='lat' dir='ltr'>paradisi</span> <span class='ocrx_word' id='word_1_37' title='bbox 1155 478 1279 519; x_wconf 82' lang='lat' dir='ltr'>gaudia.</span> 
     </span>
     <span class='ocr_line' id='line_1_8' title="bbox 167 535 1353 579; baseline 0 -11"><span class='ocrx_word' id='word_1_38' title='bbox 167 538 200 570; x_wconf 82' lang='lat'>4.</span> <span class='ocrx_word' id='word_1_39' title='bbox 228 536 291 568; x_wconf 91' lang='lat' dir='ltr'>Per</span> <span class='ocrx_word' id='word_1_40' title='bbox 310 536 504 576; x_wconf 89' lang='lat' dir='ltr'>baptismum</span> <span class='ocrx_word' id='word_1_41' title='bbox 529 539 628 577; x_wconf 91' lang='lat' dir='ltr'>tuum,</span> <span class='ocrx_word' id='word_1_42' title='bbox 661 536 797 579; x_wconf 81' lang='lat' dir='ltr'>Christe,</span> <span class='ocrx_word' id='word_1_43' title='bbox 858 536 914 570; x_wconf 91' lang='lat'>10.</span> <span class='ocrx_word' id='word_1_44' title='bbox 941 536 1120 569; x_wconf 85' lang='lat' dir='ltr'>Paraclitus</span> <span class='ocrx_word' id='word_1_45' title='bbox 1145 535 1353 578; x_wconf 82' lang='lat' dir='ltr'>septiformis,</span> 
     </span>
     <span class='ocr_line' id='line_1_9' title="bbox 278 583 1343 626; baseline 0.001 -11"><span class='ocrx_word' id='word_1_46' title='bbox 278 583 332 616; x_wconf 85' lang='lat' dir='ltr'>fac</span> <span class='ocrx_word' id='word_1_47' title='bbox 356 593 407 617; x_wconf 90' lang='lat' dir='ltr'>me</span> <span class='ocrx_word' id='word_1_48' title='bbox 431 584 497 617; x_wconf 83' lang='lat' dir='ltr'>frui</span> <span class='ocrx_word' id='word_1_49' title='bbox 522 585 625 626; x_wconf 84' lang='lat' dir='ltr'>gloria</span> <span class='ocrx_word' id='word_1_50' title='bbox 989 594 1082 626; x_wconf 89' lang='lat' dir='ltr'>quem</span> <span class='ocrx_word' id='word_1_51' title='bbox 1107 585 1169 617; x_wconf 88' lang='lat' dir='ltr'>tuis</span> <span class='ocrx_word' id='word_1_52' title='bbox 1194 583 1343 618; x_wconf 89' lang='lat' dir='ltr'>fidelibus</span> 
     </span>
     <span class='ocr_line' id='line_1_10' title="bbox 227 632 1333 673; baseline -0.001 -8"><span class='ocrx_word' id='word_1_53' title='bbox 227 632 391 672; x_wconf 76' lang='lat' dir='ltr'>Jejunium</span> <span class='ocrx_word' id='word_1_54' title='bbox 412 635 502 665; x_wconf 88' lang='lat' dir='ltr'>tuum</span> <span class='ocrx_word' id='word_1_55' title='bbox 525 633 659 665; x_wconf 86' lang='lat' dir='ltr'>mundet</span> <span class='ocrx_word' id='word_1_56' title='bbox 941 632 1097 666; x_wconf 80' lang='lat' dir='ltr'>Tribuisti</span> <span class='ocrx_word' id='word_1_57' title='bbox 1125 633 1206 666; x_wconf 87' lang='lat' dir='ltr'>dono</span> <span class='ocrx_word' id='word_1_58' title='bbox 1230 634 1333 673; x_wconf 86' lang='lat' dir='ltr'>patris</span> 
     </span>
     <span class='ocr_line' id='line_1_11' title="bbox 275 680 1367 722; baseline -0.002 -9"><span class='ocrx_word' id='word_1_59' title='bbox 275 680 315 713; x_wconf 84' lang='lat' dir='ltr'>ab</span> <span class='ocrx_word' id='word_1_60' title='bbox 340 681 427 713; x_wconf 90' lang='lat' dir='ltr'>omni</span> <span class='ocrx_word' id='word_1_61' title='bbox 450 680 604 722; x_wconf 82' lang='lat' dir='ltr'>nequitia,</span> <span class='ocrx_word' id='word_1_62' title='bbox 990 680 1030 714; x_wconf 87' lang='lat' dir='ltr'>de</span> <span class='ocrx_word' id='word_1_63' title='bbox 1054 681 1201 721; x_wconf 88' lang='lat' dir='ltr'>supernis</span> <span class='ocrx_word' id='word_1_64' title='bbox 1226 680 1367 722; x_wconf 84' lang='lat' dir='ltr'>sedibus,</span> 
     </span>
     <span class='ocr_line' id='line_1_12' title="bbox 228 727 1365 769; baseline 0 -9"><span class='ocrx_word' id='word_1_65' title='bbox 228 729 284 760; x_wconf 82' lang='lat' dir='ltr'>Me</span> <span class='ocrx_word' id='word_1_66' title='bbox 310 729 454 762; x_wconf 82' lang='lat' dir='ltr'>relevent</span> <span class='ocrx_word' id='word_1_67' title='bbox 479 731 575 769; x_wconf 89' lang='lat' dir='ltr'>atque</span> <span class='ocrx_word' id='word_1_68' title='bbox 599 729 724 762; x_wconf 87' lang='lat' dir='ltr'>salvent</span> <span class='ocrx_word' id='word_1_69' title='bbox 939 729 996 761; x_wconf 87' lang='lat' dir='ltr'>Me</span> <span class='ocrx_word' id='word_1_70' title='bbox 1022 732 1188 762; x_wconf 82' lang='lat' dir='ltr'>conservet</span> <span class='ocrx_word' id='word_1_71' title='bbox 1211 732 1242 760; x_wconf 90' lang='lat' dir='ltr'>et</span> <span class='ocrx_word' id='word_1_72' title='bbox 1266 727 1365 761; x_wconf 83' lang='lat' dir='ltr'>faciat</span> 
     </span>
     <span class='ocr_line' id='line_1_13' title="bbox 276 776 1351 810; baseline 0.002 -2"><span class='ocrx_word' id='word_1_73' title='bbox 276 779 332 809; x_wconf 87' lang='lat' dir='ltr'>tua</span> <span class='ocrx_word' id='word_1_74' title='bbox 355 776 526 809; x_wconf 82' lang='lat' dir='ltr'>mirabilia.</span> <span class='ocrx_word' id='word_1_75' title='bbox 990 777 1055 809; x_wconf 85' lang='lat' dir='ltr'>frui</span> <span class='ocrx_word' id='word_1_76' title='bbox 1078 777 1170 810; x_wconf 86' lang='lat' dir='ltr'>bonis</span> <span class='ocrx_word' id='word_1_77' title='bbox 1195 777 1351 810; x_wconf 90' lang='lat' dir='ltr'>omnibus.</span> 
     </span>
     <span class='ocr_line' id='line_1_14' title="bbox 173 833 1370 877; baseline -0.001 -10"><span class='ocrx_word' id='word_1_78' title='bbox 173 836 205 868; x_wconf 77' lang='lat'>5,</span> <span class='ocrx_word' id='word_1_79' title='bbox 231 834 301 875; x_wconf 86' lang='lat' dir='ltr'>Pia,</span> <span class='ocrx_word' id='word_1_80' title='bbox 326 833 426 875; x_wconf 87' lang='lat' dir='ltr'>Deus,</span> <span class='ocrx_word' id='word_1_81' title='bbox 453 834 626 867; x_wconf 85' lang='lat' dir='ltr'>amicorum</span> <span class='ocrx_word' id='word_1_82' title='bbox 859 834 916 869; x_wconf 92' lang='grc'>11.</span> <span class='ocrx_word' id='word_1_83' title='bbox 942 833 993 866; x_wconf 82' lang='lat' dir='ltr'>Sit</span> <span class='ocrx_word' id='word_1_84' title='bbox 1014 834 1134 874; x_wconf 88' lang='lat' dir='ltr'>ubique</span> <span class='ocrx_word' id='word_1_85' title='bbox 1157 834 1247 877; x_wconf 84' lang='lat' dir='ltr'>mihi,</span> <span class='ocrx_word' id='word_1_86' title='bbox 1270 834 1370 877; x_wconf 84' lang='lat' dir='ltr'>Deus,</span> 
     </span>
     <span class='ocr_line' id='line_1_15' title="bbox 279 883 1269 924; baseline 0.001 -11"><span class='ocrx_word' id='word_1_87' title='bbox 279 884 405 915; x_wconf 85' lang='lat' dir='ltr'>tuorum</span> <span class='ocrx_word' id='word_1_88' title='bbox 432 883 546 915; x_wconf 79' lang='lat' dir='ltr'>electio</span> <span class='ocrx_word' id='word_1_89' title='bbox 989 885 1045 914; x_wconf 88' lang='lat' dir='ltr'>tua</span> <span class='ocrx_word' id='word_1_90' title='bbox 1070 883 1269 924; x_wconf 79' lang='lat' dir='ltr'>gubernatio,</span> 
     </span>
     <span class='ocr_line' id='line_1_16' title="bbox 228 930 1396 971; baseline -0.001 -8"><span class='ocrx_word' id='word_1_91' title='bbox 228 931 305 963; x_wconf 88' lang='lat' dir='ltr'>Fiat</span> <span class='ocrx_word' id='word_1_92' title='bbox 324 930 403 962; x_wconf 89' lang='lat' dir='ltr'>mihi</span> <span class='ocrx_word' id='word_1_93' title='bbox 428 933 634 971; x_wconf 87' lang='lat' dir='ltr'>peccatorum</span> <span class='ocrx_word' id='word_1_94' title='bbox 941 930 980 963; x_wconf 76' lang='lat' dir='ltr'>ln</span> <span class='ocrx_word' id='word_1_95' title='bbox 1005 931 1150 964; x_wconf 85' lang='lat' dir='ltr'>adversis</span> <span class='ocrx_word' id='word_1_96' title='bbox 1177 933 1209 962; x_wconf 88' lang='lat' dir='ltr'>et</span> <span class='ocrx_word' id='word_1_97' title='bbox 1232 930 1396 971; x_wconf 86' lang='lat' dir='ltr'>prosperis</span> 
     </span>
     <span class='ocr_line' id='line_1_17' title="bbox 278 978 1257 1019; baseline 0.001 -10"><span class='ocrx_word' id='word_1_98' title='bbox 278 981 464 1011; x_wconf 86' lang='lat' dir='ltr'>cunctorum</span> <span class='ocrx_word' id='word_1_99' title='bbox 488 978 645 1019; x_wconf 86' lang='lat' dir='ltr'>remissio,</span> <span class='ocrx_word' id='word_1_100' title='bbox 989 981 1044 1011; x_wconf 88' lang='lat' dir='ltr'>tua</span> <span class='ocrx_word' id='word_1_101' title='bbox 1073 978 1257 1019; x_wconf 88' lang='lat' dir='ltr'>consolatio,</span> 
     </span>
     <span class='ocr_line' id='line_1_18' title="bbox 228 1026 1381 1067; baseline -0.002 -8"><span class='ocrx_word' id='word_1_102' title='bbox 228 1026 276 1059; x_wconf 86' lang='lat' dir='ltr'>Ut</span> <span class='ocrx_word' id='word_1_103' title='bbox 297 1027 438 1067; x_wconf 84' lang='lat' dir='ltr'>gaudere</span> <span class='ocrx_word' id='word_1_104' title='bbox 461 1029 566 1059; x_wconf 83' lang='lat' dir='ltr'>tecum</span> <span class='ocrx_word' id='word_1_105' title='bbox 592 1035 706 1067; x_wconf 81' lang='lat' dir='ltr'>queam</span> <span class='ocrx_word' id='word_1_106' title='bbox 942 1026 1037 1059; x_wconf 73' lang='lat' dir='ltr'>Muto</span> <span class='ocrx_word' id='word_1_107' title='bbox 1062 1029 1116 1058; x_wconf 85' lang='lat' dir='ltr'>tuo</span> <span class='ocrx_word' id='word_1_108' title='bbox 1140 1035 1193 1058; x_wconf 87' lang='lat' dir='ltr'>me</span> <span class='ocrx_word' id='word_1_109' title='bbox 1217 1026 1381 1059; x_wconf 82' lang='lat' dir='ltr'>circumda</span> 
     </span>
     <span class='ocr_line' id='line_1_19' title="bbox 275 1074 1272 1115; baseline 0.001 -9"><span class='ocrx_word' id='word_1_110' title='bbox 275 1074 310 1106; x_wconf 88' lang='lat' dir='ltr'>in</span> <span class='ocrx_word' id='word_1_111' title='bbox 336 1074 417 1107; x_wconf 86' lang='lat' dir='ltr'>coeli</span> <span class='ocrx_word' id='word_1_112' title='bbox 441 1075 572 1115; x_wconf 88' lang='lat' dir='ltr'>palatio.</span> <span class='ocrx_word' id='word_1_113' title='bbox 989 1074 1061 1114; x_wconf 90' lang='lat' dir='ltr'>pius</span> <span class='ocrx_word' id='word_1_114' title='bbox 1088 1077 1120 1106; x_wconf 89' lang='lat' dir='ltr'>et</span> <span class='ocrx_word' id='word_1_115' title='bbox 1144 1074 1272 1107; x_wconf 81' lang='lat' dir='ltr'>auxilio.</span> 
     </span>
     <span class='ocr_line' id='line_1_20' title="bbox 170 1131 1341 1173; baseline 0 -9"><span class='ocrx_word' id='word_1_116' title='bbox 170 1133 200 1164; x_wconf 88' lang='lat'>6.</span> <span class='ocrx_word' id='word_1_117' title='bbox 230 1132 320 1164; x_wconf 89' lang='lat' dir='ltr'>Mors</span> <span class='ocrx_word' id='word_1_118' title='bbox 344 1132 378 1164; x_wconf 93' lang='lat' dir='ltr'>in</span> <span class='ocrx_word' id='word_1_119' title='bbox 405 1140 499 1164; x_wconf 85' lang='lat' dir='ltr'>cruce</span> <span class='ocrx_word' id='word_1_120' title='bbox 525 1135 590 1173; x_wconf 85' lang='lat' dir='ltr'>tua,</span> <span class='ocrx_word' id='word_1_121' title='bbox 616 1131 714 1172; x_wconf 82' lang='lat' dir='ltr'>Deus,</span> <span class='ocrx_word' id='word_1_122' title='bbox 860 1132 914 1164; x_wconf 83' lang='lat'>12.</span> <span class='ocrx_word' id='word_1_123' title='bbox 942 1131 1015 1164; x_wconf 87' lang='lat' dir='ltr'>Non</span> <span class='ocrx_word' id='word_1_124' title='bbox 1040 1140 1092 1164; x_wconf 88' lang='lat' dir='ltr'>me</span> <span class='ocrx_word' id='word_1_125' title='bbox 1116 1133 1201 1165; x_wconf 88' lang='lat' dir='ltr'>sinas</span> <span class='ocrx_word' id='word_1_126' title='bbox 1228 1131 1341 1164; x_wconf 89' lang='lat' dir='ltr'>violari</span> 
     </span>
     <span class='ocr_line' id='line_1_21' title="bbox 278 1179 1323 1221; baseline 0 -10"><span class='ocrx_word' id='word_1_127' title='bbox 278 1182 309 1211; x_wconf 83' lang='lat' dir='ltr'>et</span> <span class='ocrx_word' id='word_1_128' title='bbox 331 1181 446 1221; x_wconf 87' lang='lat' dir='ltr'>ingens</span> <span class='ocrx_word' id='word_1_129' title='bbox 471 1181 627 1221; x_wconf 83' lang='lat' dir='ltr'>angustia,</span> <span class='ocrx_word' id='word_1_130' title='bbox 989 1179 1174 1212; x_wconf 80' lang='lat' dir='ltr'>tentationis</span> <span class='ocrx_word' id='word_1_131' title='bbox 1198 1180 1323 1220; x_wconf 83' lang='lat' dir='ltr'>laqueo,</span> 
     </span>
     <span class='ocr_line' id='line_1_22' title="bbox 231 1226 1433 1271; baseline 0 -11"><span class='ocrx_word' id='word_1_132' title='bbox 231 1227 368 1269; x_wconf 81' lang='lat' dir='ltr'>Magnus</span> <span class='ocrx_word' id='word_1_133' title='bbox 394 1228 496 1271; x_wconf 80' lang='lat' dir='ltr'>dolor,</span> <span class='ocrx_word' id='word_1_134' title='bbox 520 1238 614 1269; x_wconf 84' lang='lat' dir='ltr'>quem</span> <span class='ocrx_word' id='word_1_135' title='bbox 637 1237 672 1260; x_wconf 89' lang='lat' dir='ltr'>es</span> <span class='ocrx_word' id='word_1_136' title='bbox 686 1237 801 1268; x_wconf 86' lang='lat' dir='ltr'>passus</span> <span class='ocrx_word' id='word_1_137' title='bbox 941 1226 1007 1260; x_wconf 83' lang='lat' dir='ltr'>Sed</span> <span class='ocrx_word' id='word_1_138' title='bbox 1031 1229 1169 1260; x_wconf 80' lang='lat' dir='ltr'>extende</span> <span class='ocrx_word' id='word_1_139' title='bbox 1193 1237 1321 1260; x_wconf 85' lang='lat' dir='ltr'>manum</span> <span class='ocrx_word' id='word_1_140' title='bbox 1346 1230 1433 1260; x_wconf 80' lang='lat' dir='ltr'>tuam</span> 
     </span>
     <span class='ocr_line' id='line_1_23' title="bbox 276 1276 1317 1318; baseline 0 -10"><span class='ocrx_word' id='word_1_141' title='bbox 276 1277 398 1315; x_wconf 90' lang='lat' dir='ltr'>pietate</span> <span class='ocrx_word' id='word_1_142' title='bbox 422 1276 530 1317; x_wconf 88' lang='lat' dir='ltr'>nimia,</span> <span class='ocrx_word' id='word_1_143' title='bbox 990 1280 1022 1308; x_wconf 86' lang='lat' dir='ltr'>et</span> <span class='ocrx_word' id='word_1_144' title='bbox 1046 1279 1178 1317; x_wconf 82' lang='lat' dir='ltr'>protege</span> <span class='ocrx_word' id='word_1_145' title='bbox 1204 1276 1317 1318; x_wconf 88' lang='lat' dir='ltr'>clipeo,</span> 
     </span>
     <span class='ocr_line' id='line_1_24' title="bbox 230 1323 1422 1365; baseline 0.001 -9"><span class='ocrx_word' id='word_1_146' title='bbox 230 1324 286 1356; x_wconf 85' lang='lat' dir='ltr'>Me</span> <span class='ocrx_word' id='word_1_147' title='bbox 311 1333 470 1364; x_wconf 87' lang='lat' dir='ltr'>supernae</span> <span class='ocrx_word' id='word_1_148' title='bbox 495 1324 633 1357; x_wconf 87' lang='lat' dir='ltr'>civitatis</span> <span class='ocrx_word' id='word_1_149' title='bbox 943 1323 993 1356; x_wconf 85' lang='lat' dir='ltr'>Ne</span> <span class='ocrx_word' id='word_1_150' title='bbox 1018 1324 1185 1365; x_wconf 84' lang='lat' dir='ltr'>demergar</span> <span class='ocrx_word' id='word_1_151' title='bbox 1211 1332 1278 1356; x_wconf 87' lang='lat' dir='ltr'>cum</span> <span class='ocrx_word' id='word_1_152' title='bbox 1305 1324 1422 1364; x_wconf 83' lang='lat' dir='ltr'>iniquis</span> 
     </span>
     <span class='ocr_line' id='line_1_25' title="bbox 282 1372 1300 1413; baseline 0.001 -9"><span class='ocrx_word' id='word_1_153' title='bbox 282 1372 379 1404; x_wconf 79' lang='lat' dir='ltr'>ducat</span> <span class='ocrx_word' id='word_1_154' title='bbox 403 1373 445 1405; x_wconf 88' lang='lat' dir='ltr'>ad</span> <span class='ocrx_word' id='word_1_155' title='bbox 471 1373 640 1405; x_wconf 85' lang='lat' dir='ltr'>consortia.</span> <span class='ocrx_word' id='word_1_156' title='bbox 987 1373 1022 1404; x_wconf 87' lang='lat' dir='ltr'>in</span> <span class='ocrx_word' id='word_1_157' title='bbox 1046 1372 1170 1405; x_wconf 87' lang='lat' dir='ltr'>Averni</span> <span class='ocrx_word' id='word_1_158' title='bbox 1192 1374 1300 1413; x_wconf 89' lang='lat' dir='ltr'>puteo.</span> 
     </span>
     <span class='ocr_line' id='line_1_26' title="bbox 174 1429 1396 1472; baseline -0.001 -10"><span class='ocrx_word' id='word_1_159' title='bbox 174 1430 207 1462; x_wconf 81' lang='lat'>7.</span> <span class='ocrx_word' id='word_1_160' title='bbox 233 1429 313 1470; x_wconf 83' lang='lat' dir='ltr'>Tua,</span> <span class='ocrx_word' id='word_1_161' title='bbox 335 1429 390 1470; x_wconf 87' lang='lat' dir='ltr'>pie</span> <span class='ocrx_word' id='word_1_162' title='bbox 414 1429 542 1462; x_wconf 83' lang='lat' dir='ltr'>Christe</span> <span class='ocrx_word' id='word_1_163' title='bbox 566 1430 653 1470; x_wconf 76' lang='lat' dir='ltr'>Jesu‚</span> <span class='ocrx_word' id='word_1_164' title='bbox 859 1431 916 1463; x_wconf 80' lang='lat'>13.</span> <span class='ocrx_word' id='word_1_165' title='bbox 938 1429 977 1462; x_wconf 83' lang='lat' dir='ltr'>In</span> <span class='ocrx_word' id='word_1_166' title='bbox 1001 1429 1142 1462; x_wconf 85' lang='lat' dir='ltr'>adventu</span> <span class='ocrx_word' id='word_1_167' title='bbox 1166 1432 1232 1472; x_wconf 86' lang='lat' dir='ltr'>tuo,</span> <span class='ocrx_word' id='word_1_168' title='bbox 1259 1429 1396 1470; x_wconf 77' lang='lat' dir='ltr'>Christe,</span> 
     </span>
     <span class='ocr_line' id='line_1_27' title="bbox 279 1476 1335 1519; baseline 0.001 -10"><span class='ocrx_word' id='word_1_169' title='bbox 279 1486 338 1510; x_wconf 87' lang='lat' dir='ltr'>rex</span> <span class='ocrx_word' id='word_1_170' title='bbox 362 1486 482 1519; x_wconf 86' lang='lat' dir='ltr'>regum,</span> <span class='ocrx_word' id='word_1_171' title='bbox 509 1477 687 1516; x_wconf 87' lang='lat' dir='ltr'>redemptio</span> <span class='ocrx_word' id='word_1_172' title='bbox 989 1476 1050 1518; x_wconf 80' lang='lat' dir='ltr'>fac,</span> <span class='ocrx_word' id='word_1_173' title='bbox 1077 1480 1113 1510; x_wconf 85' lang='lat' dir='ltr'>ut</span> <span class='ocrx_word' id='word_1_174' title='bbox 1137 1486 1208 1510; x_wconf 87' lang='lat' dir='ltr'>mea</span> <span class='ocrx_word' id='word_1_175' title='bbox 1230 1478 1335 1517; x_wconf 88' lang='lat' dir='ltr'>portio</span> 
     </span>
     <span class='ocr_line' id='line_1_28' title="bbox 233 1524 1388 1566; baseline 0.001 -9"><span class='ocrx_word' id='word_1_176' title='bbox 233 1524 282 1557; x_wconf 84' lang='lat' dir='ltr'>Sit</span> <span class='ocrx_word' id='word_1_177' title='bbox 307 1525 424 1566; x_wconf 87' lang='lat' dir='ltr'>ubique</span> <span class='ocrx_word' id='word_1_178' title='bbox 449 1533 603 1565; x_wconf 88' lang='lat' dir='ltr'>praesens</span> <span class='ocrx_word' id='word_1_179' title='bbox 627 1524 715 1566; x_wconf 89' lang='lat' dir='ltr'>mihi,</span> <span class='ocrx_word' id='word_1_180' title='bbox 942 1525 1061 1558; x_wconf 89' lang='lat' dir='ltr'>Tecum</span> <span class='ocrx_word' id='word_1_181' title='bbox 1085 1524 1143 1558; x_wconf 88' lang='lat' dir='ltr'>fiat</span> <span class='ocrx_word' id='word_1_182' title='bbox 1165 1526 1200 1557; x_wconf 91' lang='lat' dir='ltr'>in</span> <span class='ocrx_word' id='word_1_183' title='bbox 1223 1529 1388 1558; x_wconf 86' lang='lat' dir='ltr'>aeternum</span> 
     </span>
     <span class='ocr_line' id='line_1_29' title="bbox 280 1571 1330 1615; baseline 0.002 -10"><span class='ocrx_word' id='word_1_184' title='bbox 280 1574 366 1605; x_wconf 87' lang='lat' dir='ltr'>salus</span> <span class='ocrx_word' id='word_1_185' title='bbox 394 1577 426 1605; x_wconf 86' lang='lat' dir='ltr'>et</span> <span class='ocrx_word' id='word_1_186' title='bbox 452 1571 605 1614; x_wconf 81' lang='lat' dir='ltr'>defensio,</span> <span class='ocrx_word' id='word_1_187' title='bbox 989 1574 1024 1606; x_wconf 85' lang='lat' dir='ltr'>in</span> <span class='ocrx_word' id='word_1_188' title='bbox 1050 1574 1181 1606; x_wconf 84' lang='lat' dir='ltr'>coelesti</span> <span class='ocrx_word' id='word_1_189' title='bbox 1204 1574 1330 1615; x_wconf 86' lang='lat' dir='ltr'>gaudiO,</span> 
     </span>
     <span class='ocr_line' id='line_1_30' title="bbox 230 1620 1448 1661; baseline 0.001 -7"><span class='ocrx_word' id='word_1_190' title='bbox 230 1621 276 1654; x_wconf 93' lang='lat' dir='ltr'>Ut</span> <span class='ocrx_word' id='word_1_191' title='bbox 298 1624 428 1654; x_wconf 90' lang='lat' dir='ltr'>aeterno</span> <span class='ocrx_word' id='word_1_192' title='bbox 454 1622 573 1661; x_wconf 88' lang='lat' dir='ltr'>possim</span> <span class='ocrx_word' id='word_1_193' title='bbox 599 1620 678 1653; x_wconf 88' lang='lat' dir='ltr'>felix</span> <span class='ocrx_word' id='word_1_194' title='bbox 941 1621 987 1655; x_wconf 82' lang='lat' dir='ltr'>Ut</span> <span class='ocrx_word' id='word_1_195' title='bbox 1011 1625 1044 1653; x_wconf 90' lang='lat' dir='ltr'>te</span> <span class='ocrx_word' id='word_1_196' title='bbox 1067 1622 1202 1654; x_wconf 85' lang='lat' dir='ltr'>laudans</span> <span class='ocrx_word' id='word_1_197' title='bbox 1229 1626 1261 1654; x_wconf 86' lang='lat' dir='ltr'>et</span> <span class='ocrx_word' id='word_1_198' title='bbox 1286 1622 1448 1655; x_wconf 78' lang='lat' dir='ltr'>exsultans</span> 
     </span>
     <span class='ocr_line' id='line_1_31' title="bbox 277 1668 1367 1711; baseline 0.001 -9"><span class='ocrx_word' id='word_1_199' title='bbox 277 1670 434 1702; x_wconf 89' lang='lat' dir='ltr'>interesse</span> <span class='ocrx_word' id='word_1_200' title='bbox 455 1670 582 1710; x_wconf 82' lang='lat' dir='ltr'>gaudio.</span> <span class='ocrx_word' id='word_1_201' title='bbox 988 1670 1074 1702; x_wconf 82' lang='lat' dir='ltr'>vitae</span> <span class='ocrx_word' id='word_1_202' title='bbox 1098 1668 1191 1703; x_wconf 83' lang='lat' dir='ltr'>fruar</span> <span class='ocrx_word' id='word_1_203' title='bbox 1214 1671 1367 1711; x_wconf 86' lang='lat' dir='ltr'>praemio.</span> 
     </span>
     <span class='ocr_line' id='line_1_32' title="bbox 171 1727 1398 1771; baseline 0 -11"><span class='ocrx_word' id='word_1_204' title='bbox 171 1728 202 1760; x_wconf 90' lang='grc'>8.</span> <span class='ocrx_word' id='word_1_205' title='bbox 228 1727 285 1760; x_wconf 88' lang='lat' dir='ltr'>Me</span> <span class='ocrx_word' id='word_1_206' title='bbox 308 1727 489 1769; x_wconf 88' lang='lat' dir='ltr'>triumphus</span> <span class='ocrx_word' id='word_1_207' title='bbox 513 1727 570 1759; x_wconf 89' lang='lat' dir='ltr'>ille</span> <span class='ocrx_word' id='word_1_208' title='bbox 592 1736 725 1767; x_wconf 89' lang='lat' dir='ltr'>magnus</span> <span class='ocrx_word' id='word_1_209' title='bbox 861 1728 918 1762; x_wconf 81' lang='lat'>14.</span> <span class='ocrx_word' id='word_1_210' title='bbox 943 1727 993 1760; x_wconf 88' lang='lat' dir='ltr'>Sit</span> <span class='ocrx_word' id='word_1_211' title='bbox 1016 1728 1095 1771; x_wconf 84' lang='lat' dir='ltr'>laus,</span> <span class='ocrx_word' id='word_1_212' title='bbox 1123 1728 1224 1760; x_wconf 87' lang='lat' dir='ltr'>virtus</span> <span class='ocrx_word' id='word_1_213' title='bbox 1250 1728 1398 1769; x_wconf 80' lang='lat' dir='ltr'>trinitati,</span> 
     </span>
     <span class='ocr_line' id='line_1_33' title="bbox 277 1775 1322 1820; baseline 0.001 -12"><span class='ocrx_word' id='word_1_214' title='bbox 277 1778 374 1816; x_wconf 84' lang='lat' dir='ltr'>atque</span> <span class='ocrx_word' id='word_1_215' title='bbox 395 1775 600 1817; x_wconf 82' lang='lat' dir='ltr'>resurreetio,</span> <span class='ocrx_word' id='word_1_216' title='bbox 991 1776 1087 1808; x_wconf 80' lang='lat' dir='ltr'>decus</span> <span class='ocrx_word' id='word_1_217' title='bbox 1114 1779 1146 1808; x_wconf 90' lang='lat' dir='ltr'>et</span> <span class='ocrx_word' id='word_1_218' title='bbox 1167 1777 1322 1820; x_wconf 85' lang='lat' dir='ltr'>potentia,</span> 
     </span>
     <span class='ocr_line' id='line_1_34' title="bbox 228 1823 1378 1866; baseline 0.001 -10"><span class='ocrx_word' id='word_1_219' title='bbox 228 1824 284 1856; x_wconf 82' lang='lat' dir='ltr'>Me</span> <span class='ocrx_word' id='word_1_220' title='bbox 310 1827 480 1857; x_wconf 87' lang='lat' dir='ltr'>conservet</span> <span class='ocrx_word' id='word_1_221' title='bbox 503 1827 569 1864; x_wconf 88' lang='lat' dir='ltr'>tua,</span> <span class='ocrx_word' id='word_1_222' title='bbox 597 1823 734 1866; x_wconf 79' lang='lat' dir='ltr'>Christe,</span> <span class='ocrx_word' id='word_1_223' title='bbox 941 1825 1113 1864; x_wconf 83' lang='lat' dir='ltr'>Impen&#39;um</span> <span class='ocrx_word' id='word_1_224' title='bbox 1138 1824 1378 1866; x_wconf 88' lang='lat' dir='ltr'>sempiternum,</span> 
     </span>
     <span class='ocr_line' id='line_1_35' title="bbox 274 1872 1353 1916; baseline 0.001 -11"><span class='ocrx_word' id='word_1_225' title='bbox 274 1873 417 1914; x_wconf 82' lang='lat' dir='ltr'>gaudens</span> <span class='ocrx_word' id='word_1_226' title='bbox 442 1872 603 1914; x_wconf 83' lang='lat' dir='ltr'>apparitio</span> <span class='ocrx_word' id='word_1_227' title='bbox 989 1872 1086 1916; x_wconf 90' lang='lat' dir='ltr'>salus,</span> <span class='ocrx_word' id='word_1_228' title='bbox 1113 1872 1224 1913; x_wconf 89' lang='lat' dir='ltr'>honor,</span> <span class='ocrx_word' id='word_1_229' title='bbox 1250 1873 1353 1914; x_wconf 85' lang='lat' dir='ltr'>gloria</span> 
     </span>
     <span class='ocr_line' id='line_1_36' title="bbox 226 1920 1408 1962; baseline 0.002 -9"><span class='ocrx_word' id='word_1_230' title='bbox 226 1921 272 1953; x_wconf 87' lang='lat' dir='ltr'>Et</span> <span class='ocrx_word' id='word_1_231' title='bbox 295 1921 329 1953; x_wconf 89' lang='lat' dir='ltr'>in</span> <span class='ocrx_word' id='word_1_232' title='bbox 357 1922 478 1954; x_wconf 87' lang='lat' dir='ltr'>coelum</span> <span class='ocrx_word' id='word_1_233' title='bbox 502 1920 661 1953; x_wconf 89' lang='lat' dir='ltr'>mirabilis</span> <span class='ocrx_word' id='word_1_234' title='bbox 942 1921 1068 1962; x_wconf 86' lang='lat' dir='ltr'>Detque</span> <span class='ocrx_word' id='word_1_235' title='bbox 1091 1920 1170 1953; x_wconf 86' lang='lat' dir='ltr'>mihi</span> <span class='ocrx_word' id='word_1_236' title='bbox 1194 1922 1408 1962; x_wconf 82' lang='lat' dir='ltr'>sempiternae</span> 
     </span>
     <span class='ocr_line' id='line_1_37' title="bbox 276 1970 1298 2011; baseline 0 -9"><span class='ocrx_word' id='word_1_237' title='bbox 276 1970 318 2002; x_wconf 87' lang='lat' dir='ltr'>ad</span> <span class='ocrx_word' id='word_1_238' title='bbox 342 1972 470 2011; x_wconf 86' lang='lat' dir='ltr'>patrem</span> <span class='ocrx_word' id='word_1_239' title='bbox 494 1970 648 2002; x_wconf 83' lang='lat' dir='ltr'>ascensio.</span> <span class='ocrx_word' id='word_1_240' title='bbox 989 1970 1146 2003; x_wconf 83' lang='lat' dir='ltr'>claritatis</span> <span class='ocrx_word' id='word_1_241' title='bbox 1172 1970 1298 2011; x_wconf 85' lang='lat' dir='ltr'>gaudia.</span> 
     </span>
    </p>
   </div>
   <div class='ocr_carea' id='block_1_3' title="bbox 244 2033 1049 2065">
    <p class='ocr_par' dir='ltr' id='par_1_3' title="bbox 244 2033 1049 2065">
     <span class='ocr_line' id='line_1_38' title="bbox 244 2033 1049 2065; baseline -0.004 0"><span class='ocrx_word' id='word_1_242' title='bbox 244 2037 326 2065; x_wconf 72' lang='lat' dir='ltr'>Orat.</span> <span class='ocrx_word' id='word_1_243' title='bbox 346 2045 400 2064; x_wconf 85' lang='lat' dir='ltr'>ms.</span> <span class='ocrx_word' id='word_1_244' title='bbox 420 2044 497 2065; x_wconf 79' lang='lat' dir='ltr'>saec.</span> <span class='ocrx_word' id='word_1_245' title='bbox 520 2034 565 2064; x_wconf 80' lang='lat'>15.</span> <span class='ocrx_word' id='word_1_246' title='bbox 600 2035 672 2064; x_wconf 79' lang='lat' dir='ltr'>eod.</span> <span class='ocrx_word' id='word_1_247' title='bbox 692 2035 858 2065; x_wconf 82' lang='lat' dir='ltr'>Londinen.</span> <span class='ocrx_word' id='word_1_248' title='bbox 877 2035 963 2064; x_wconf 80' lang='lat' dir='ltr'>Harl.</span> <span class='ocrx_word' id='word_1_249' title='bbox 983 2033 1049 2064; x_wconf 83' lang='lat'>211.</span> 
     </span>
    </p>
   </div>
   <div class='ocr_carea' id='block_1_4' title="bbox 525 2129 1132 2163">
    <p class='ocr_par' dir='ltr' id='par_1_4' title="bbox 525 2129 1132 2163">
     <span class='ocr_line' id='line_1_39' title="bbox 525 2129 1132 2163; baseline -0.002 0"><span class='ocrx_word' id='word_1_250' title='bbox 525 2131 552 2163; x_wconf 83' lang='lat'>9.</span> <span class='ocrx_word' id='word_1_251' title='bbox 591 2130 638 2163; x_wconf 81' lang='lat' dir='ltr'>Ad</span> <span class='ocrx_word' id='word_1_252' title='bbox 657 2130 820 2163; x_wconf 89' lang='lat' dir='ltr'>Dominum</span> <span class='ocrx_word' id='word_1_253' title='bbox 839 2130 945 2162; x_wconf 83' lang='lat' dir='ltr'>Jesum</span> <span class='ocrx_word' id='word_1_254' title='bbox 968 2129 1132 2163; x_wconf 79' lang='lat' dir='ltr'>Christum.</span> 
     </span>
    </p>
   </div>
   <div class='ocr_carea' id='block_1_5' title="bbox 167 2202 1403 2440">
    <p class='ocr_par' dir='ltr' id='par_1_5' title="bbox 167 2202 1372 2244">
     <span class='ocr_line' id='line_1_40' title="bbox 167 2202 1372 2244; baseline -0.001 -7"><span class='ocrx_word' id='word_1_255' title='bbox 167 2204 198 2238; x_wconf 91' lang='lat'>1.</span> <span class='ocrx_word' id='word_1_256' title='bbox 225 2204 306 2243; x_wconf 87' lang='lat' dir='ltr'>Ave,</span> <span class='ocrx_word' id='word_1_257' title='bbox 333 2203 421 2244; x_wconf 84' lang='lat' dir='ltr'>Jesu,</span> <span class='ocrx_word' id='word_1_258' title='bbox 448 2202 503 2243; x_wconf 81' lang='lat' dir='ltr'>qm¹</span> <span class='ocrx_word' id='word_1_259' title='bbox 529 2203 570 2235; x_wconf 89' lang='lat' dir='ltr'>de</span> <span class='ocrx_word' id='word_1_260' title='bbox 594 2203 663 2235; x_wconf 89' lang='lat' dir='ltr'>Deo</span> <span class='ocrx_word' id='word_1_261' title='bbox 858 2205 889 2236; x_wconf 87' lang='lat'>2.</span> <span class='ocrx_word' id='word_1_262' title='bbox 916 2203 997 2243; x_wconf 86' lang='lat' dir='ltr'>Ave,</span> <span class='ocrx_word' id='word_1_263' title='bbox 1024 2203 1079 2244; x_wconf 87' lang='lat' dir='ltr'>qui</span> <span class='ocrx_word' id='word_1_264' title='bbox 1104 2211 1137 2235; x_wconf 92' lang='lat' dir='ltr'>es</span> <span class='ocrx_word' id='word_1_265' title='bbox 1163 2204 1255 2236; x_wconf 92' lang='lat' dir='ltr'>homo</span> <span class='ocrx_word' id='word_1_266' title='bbox 1279 2205 1372 2236; x_wconf 87' lang='lat' dir='ltr'>natus</span> 
     </span>
    </p>

    <p class='ocr_par' dir='ltr' id='par_1_6' title="bbox 223 2251 1403 2392">
     <span class='ocr_line' id='line_1_41' title="bbox 224 2251 1376 2295; baseline 0 -10"><span class='ocrx_word' id='word_1_267' title='bbox 224 2253 314 2287; x_wconf 87' lang='lat' dir='ltr'>Deus</span> <span class='ocrx_word' id='word_1_268' title='bbox 338 2254 433 2284; x_wconf 85' lang='lat' dir='ltr'>natus</span> <span class='ocrx_word' id='word_1_269' title='bbox 460 2261 493 2283; x_wconf 88' lang='lat' dir='ltr'>es</span> <span class='ocrx_word' id='word_1_270' title='bbox 519 2251 560 2284; x_wconf 89' lang='lat' dir='ltr'>ab</span> <span class='ocrx_word' id='word_1_271' title='bbox 587 2260 634 2295; x_wconf 89' lang='lat' dir='ltr'>eo,</span> <span class='ocrx_word' id='word_1_272' title='bbox 917 2251 964 2284; x_wconf 82' lang='lat' dir='ltr'>Et</span> <span class='ocrx_word' id='word_1_273' title='bbox 987 2251 1021 2283; x_wconf 86' lang='lat' dir='ltr'>in</span> <span class='ocrx_word' id='word_1_274' title='bbox 1043 2251 1139 2284; x_wconf 86' lang='lat' dir='ltr'>terris</span> <span class='ocrx_word' id='word_1_275' title='bbox 1165 2252 1256 2284; x_wconf 88' lang='lat' dir='ltr'>nobis</span> <span class='ocrx_word' id='word_1_276' title='bbox 1283 2253 1376 2285; x_wconf 85' lang='lat' dir='ltr'>datus</span> 
     </span>
     <span class='ocr_line' id='line_1_42' title="bbox 273 2299 1400 2342; baseline 0 -8"><span class='ocrx_word' id='word_1_277' title='bbox 273 2300 376 2334; x_wconf 79' lang='lat' dir='ltr'>Nobis</span> <span class='ocrx_word' id='word_1_278' title='bbox 398 2300 513 2333; x_wconf 86' lang='lat' dir='ltr'>missus</span> <span class='ocrx_word' id='word_1_279' title='bbox 539 2300 692 2341; x_wconf 82' lang='lat' dir='ltr'>coelitus;</span> <span class='ocrx_word' id='word_1_280' title='bbox 964 2299 1018 2333; x_wconf 85' lang='lat' dir='ltr'>Ad</span> <span class='ocrx_word' id='word_1_281' title='bbox 1042 2302 1171 2340; x_wconf 84' lang='lat' dir='ltr'>pastum</span> <span class='ocrx_word' id='word_1_282' title='bbox 1195 2309 1236 2333; x_wconf 79' lang='lat' dir='ltr'>ex</span> <span class='ocrx_word' id='word_1_283' title='bbox 1261 2301 1400 2342; x_wconf 82' lang='lat' dir='ltr'>virgine3</span> 
     </span>
     <span class='ocr_line' id='line_1_43' title="bbox 223 2348 1403 2392; baseline -0.001 -9"><span class='ocrx_word' id='word_1_284' title='bbox 223 2350 305 2392; x_wconf 87' lang='lat' dir='ltr'>Ave,</span> <span class='ocrx_word' id='word_1_285' title='bbox 332 2349 467 2383; x_wconf 89' lang='lat' dir='ltr'>verbum</span> <span class='ocrx_word' id='word_1_286' title='bbox 491 2348 554 2382; x_wconf 90' lang='lat' dir='ltr'>Dei</span> <span class='ocrx_word' id='word_1_287' title='bbox 577 2349 692 2392; x_wconf 82' lang='lat' dir='ltr'>patris,</span> <span class='ocrx_word' id='word_1_288' title='bbox 917 2349 998 2390; x_wconf 85' lang='lat' dir='ltr'>Ave,</span> <span class='ocrx_word' id='word_1_289' title='bbox 1025 2349 1080 2390; x_wconf 83' lang='lat' dir='ltr'>qui</span> <span class='ocrx_word' id='word_1_290' title='bbox 1103 2348 1136 2382; x_wconf 85' lang='lat' dir='ltr'>in</span> <span class='ocrx_word' id='word_1_291' title='bbox 1162 2352 1273 2384; x_wconf 86' lang='lat' dir='ltr'>sancta</span> <span class='ocrx_word' id='word_1_292' title='bbox 1297 2353 1403 2383; x_wconf 89' lang='lat' dir='ltr'>mente</span> 
     </span>
    </p>

    <p class='ocr_par' dir='ltr' id='par_1_7' title="bbox 222 2397 1350 2440">
     <span class='ocr_line' id='line_1_44' title="bbox 222 2397 1350 2440; baseline -0.001 -8"><span class='ocrx_word' id='word_1_293' title='bbox 222 2398 269 2432; x_wconf 87' lang='lat' dir='ltr'>Es</span> <span class='ocrx_word' id='word_1_294' title='bbox 296 2401 487 2440; x_wconf 83' lang='lat' dir='ltr'>conceptum</span> <span class='ocrx_word' id='word_1_295' title='bbox 512 2398 584 2431; x_wconf 88' lang='lat' dir='ltr'>alvo</span> <span class='ocrx_word' id='word_1_296' title='bbox 608 2398 722 2431; x_wconf 87' lang='lat' dir='ltr'>matris</span> <span class='ocrx_word' id='word_1_297' title='bbox 918 2397 1022 2438; x_wconf 86' lang='lat' dir='ltr'>Saepe</span> <span class='ocrx_word' id='word_1_298' title='bbox 1045 2399 1187 2431; x_wconf 88' lang='lat' dir='ltr'>nasceris</span> <span class='ocrx_word' id='word_1_299' title='bbox 1212 2398 1350 2432; x_wconf 88' lang='lat' dir='ltr'>habente</span> 
     </span>
    </p>
   </div>
   <div class='ocr_carea' id='block_1_6' title="bbox 268 2446 1341 2488">
    <p class='ocr_par' dir='ltr' id='par_1_8' title="bbox 268 2446 1341 2488">
     <span class='ocr_line' id='line_1_45' title="bbox 268 2446 1341 2488; baseline 0 -7"><span class='ocrx_word' id='word_1_300' title='bbox 268 2449 359 2482; x_wconf 87' lang='lat' dir='ltr'>Luce</span> <span class='ocrx_word' id='word_1_301' title='bbox 383 2447 488 2480; x_wconf 83' lang='lat' dir='ltr'>sancti</span> <span class='ocrx_word' id='word_1_302' title='bbox 512 2447 656 2488; x_wconf 81' lang='lat' dir='ltr'>spiritus.</span> <span class='ocrx_word' id='word_1_303' title='bbox 962 2446 1078 2480; x_wconf 82' lang='lat' dir='ltr'>Fidem</span> <span class='ocrx_word' id='word_1_304' title='bbox 1104 2447 1174 2480; x_wconf 86' lang='lat' dir='ltr'>sine</span> <span class='ocrx_word' id='word_1_305' title='bbox 1199 2448 1341 2482; x_wconf 86' lang='lat' dir='ltr'>crimine.</span> 
     </span>
    </p>
   </div>
  </div>
 </body>
</html>
