1653 2668
734 152 993 188 —189-

283 246 339 279 Tis
364 247 528 280 mamillae
552 248 785 282 abscinduntur
916 252 971 284 90.
997 249 1115 290 Speras
1139 248 1244 289 finem,
1272 247 1456 288 deprecaris

285 293 475 335 Gladiisquo
500 294 660 329 feriuntur
999 298 1052 330 Sic
1076 306 1135 338 pro
1159 298 1271 329 cuncto
1296 297 1467 336 peccatore

200 343 255 375 65.
283 342 354 374 Tua
378 343 523 375 membra
548 343 677 377 fortiter
1001 347 1113 380 Coram
1140 348 1193 378 tuo
1219 345 1395 377 salvatore:

282 390 423 432 FlagriS,
451 394 484 423 et
507 391 555 423 sic
575 394 715 432 turpiter
999 395 1076 427 Jesu
1103 393 1237 433 Christe,
1265 396 1300 424 tu
1325 391 1456 431 dignare

282 437 413 472 Nudam
438 442 470 471 te
496 439 589 472 educi
612 440 705 479 jubet
998 442 1075 474 Pias
1101 450 1193 474 aures
1217 441 1374 474 inclinare

280 486 404 527 Impius
429 495 561 527 praeses
586 496 647 519 nee
671 488 774 529 pudet
918 490 973 523 95.
999 490 1053 522 Ad
1075 498 1183 522 omnes
1209 493 1241 521 te
1260 489 1293 521 in
1319 489 1469 521 voc-antes

284 535 348 567 Per
370 534 455 566 hanc
479 537 580 567 totam
602 536 773 576 regionem.
998 537 1081 569 Mihi
1106 539 1202 578 atque
1225 537 1452 578 supplicantes,

201 583 255 615 70.
281 582 373 615 Tunc
398 581 504 615 fecisti
530 583 615 615 hunc
639 592 831 616 sermonem:
1000 586 1062 618 Pro
1087 594 1139 618 me
1162 586 1267 617 solvas
1293 594 1313 616 a
1336 583 1478 625 peccatis

282 631 381 673 Rogo,
408 630 546 663 Domine
570 634 603 663 te
627 631 726 673 Deus,
999 633 1092 665 More
1117 635 1191 665 tuae
1214 633 1355 674 pietatis.

283 678 362 711 Esto
386 688 473 710 nunc
496 680 662 718 protector
685 689 786 721 meus,
1000 681 1118 713 Puram
1145 681 1186 713 ‹la
1212 680 1444 719 contritionem,

282 726 370 768 Tege
396 735 523 767 corpus,
551 727 636 767 quod
664 728 816 768 nudatur,
893 728 972 762 100.
999 728 1117 761 Veram
1141 729 1190 760 his
1217 727 1448 760 confessionem

281 774 332 807 Ne
357 783 375 807 a
401 775 479 807 viris
507 774 654 807 videatur
997 774 1129 818 Facque
1155 785 1207 809 eos
1233 777 1427 809 manducare

200 825 254 857 75.
282 822 406 863 Iniquis
431 831 492 855 nec
517 832 579 855 non
605 822 745 857 lascivis,
1003 824 1125 865 Corpus
1152 827 1241 857 tuum
1264 825 1414 856 salutare.

282 871 361 903 Post
385 870 465 903 haec
490 879 606 911 nempe
631 871 714 904 vidit
730 872 833 911 quivis
1000 873 1089 906 Coeli
1114 882 1174 905 vox
1200 872 1330 905 auditur
1356 872 1459 903 clara:

283 919 443 960 Angelum
472 928 548 951 mox
574 919 833 963 descendentem,
999 921 1091 961 Veni,
1118 921 1264 960 pulchra,
1290 920 1364 952 veni
1388 928 1472 960 cara,

285 967 407 1000 Stolam
432 967 539 999 albam
567 965 776 1008 deferentem,
894 969 972 1002 105.
1001 967 1092 1009 Veni,
1119 969 1202 1011 veni,
1229 971 1353 1009 martyr
1376 977 1468 1008 pura,

283 1015 352 1054 Qua
376 1019 490 1055 operta
515 1015 646 1057 tuearis,
1000 1016 1092 1058 Veni,
1119 1025 1246 1056 semper
1270 1017 1452 1056 regnatura,

201 1064 256 1096 80.
284 1063 335 1095 Ne
360 1072 379 1095 a
405 1063 482 1095 viris
507 1063 658 1096 videaris.
999 1064 1091 1104 Veni,
1124 1064 1185 1100 his,
1212 1072 1271 1105 pro
1297 1065 1366 1104 quis
1392 1063 1521 1103 rogasti,

290 1111 357 1150 Quo
383 1120 403 1142 a
427 1111 579 1151 praeside
603 1111 721 1144 sentito
997 1111 1102 1143 Multa
1127 1111 1211 1144 bona
1234 1111 1425 1151 impetrasti.

285 1159 430 1191 Famulis
455 1159 623 1200 praecepit
648 1160 723 1202 cito,
999 1159 1037 1191 In
1061 1160 1122 1192 hoe
1149 1161 1254 1199 capite
1279 1159 1441 1191 truncaris¹

281 1206 327 1240 Ut
351 1215 411 1248 per
436 1207 578 1248 gladium
603 1207 763 1240 trunceris
893 1208 971 1240 110.
999 1206 1043 1239 Et
1068 1217 1087 1240 a
1114 1207 1241 1239 Christo
1265 1207 1444 1239 sublevaris

280 1255 325 1287 Et
349 1255 397 1288 sic
421 1256 506 1288 male
532 1255 771 1288 consummeris.
999 1255 1053 1287 Ad
1076 1264 1218 1295 superna
1244 1255 1324 1287 coeli
1350 1263 1457 1295 regna,

199 1305 253 1336 85.
278 1303 365 1336 illud
390 1304 476 1343 patri
502 1305 579 1336 tunc
603 1304 780 1345 praecepit,
997 1303 1064 1336 Ubi
1087 1303 1176 1344 virgo
1203 1312 1260 1335 nos
1287 1303 1475 1335 commenda

285 1351 363 1384 Cum
390 1350 500 1384 furore
526 1354 558 1383 te
582 1352 706 1392 recepit
999 1350 1123 1391 Sponso
1148 1354 1212 1391 tuo,
1239 1354 1275 1382 ut
1298 1360 1468 1392 sequamur

284 1399 330 1431 Et
351 1400 501 1440 permisit
527 1399 694 1440 decollari⁷
999 1399 1108 1439 Atque
1134 1399 1230 1431 coelis
1254 1399 1454 1439 invehamur,

284 1447 388 1480 Tuum
416 1450 514 1488 eaput
538 1448 708 1488 amputari.
896 1448 975 1481 115.
1002 1447 1122 1479 Tecum
1148 1456 1274 1488 semper
1299 1446 1449 1489 gavisuri,

285 1495 372 1528 Hinc
399 1496 516 1528 educta
541 1496 724 1537 gratularis,
1001 1494 1070 1527 Deo
1095 1495 1207 1527 laudes
1235 1494 1380 1527 canituri.

275 1561 347 1589 God.
368 1561 549 1589 Lambacen.
576 1557 633 1589 463
660 1569 736 1589 saec.
770 1559 813 1588 14.
834 1562 869 1589 A,
964 1561 1033 1589 Ced.
1055 1561 1084 1590 S.
1106 1561 1186 1589 Petri
1205 1561 1406 1598 Salisburgen.
1433 1569 1451 1588 a
1481 1561 1523 1588 VI

194 1599 240 1629 35.
269 1608 346 1628 saec.
370 1597 414 1628 15.
435 1600 469 1627 B.
490 1615 530 1620 -—
552 1600 625 1627 Clm.
645 1600 800 1627 Monaeen-
821 1600 870 1633 (ol.
891 1598 1040 1632 Altahen.)
1060 1597 1143 1628 9508.
1164 1608 1240 1628 saec.
1266 1598 1310 1628 15.
1331 1601 1363 1628 C·
1384 1615 1422 1619 —-
1443 1600 1523 1628 Orat.

195 1648 247 1667 ms.
267 1639 453 1674 Tegurinum
475 1639 546 1666 anni
569 1636 652 1666 1470.
674 1637 746 1666 Glm.
766 1639 921 1666 Monacen.
943 1635 1052 1666 20021.
1075 1639 1110 1667 D.
1132 1654 1169 1658 —
1190 1639 1271 1667 Orat.
1292 1647 1345 1666 ms.
1362 1637 1524 1675 Campense

195 1679 266 1706 anni
298 1676 381 1705 1462.
405 1676 474 1705 eod.
495 1676 717 1705 Darmstadien.
738 1674 804 1704 521.
826 1677 861 1704 E.
883 1693 917 1697 —
942 1675 973 1710 1,
1006 1675 1021 1703 1
1044 1677 1108 1705 Ave
1128 1679 1232 1705 sancta
1251 1677 1386 1705 Barbara
1404 1677 1466 1705 BD.
1485 1691 1509 1695 —

194 1716 221 1744 7.
243 1716 375 1745 allexisti
396 1715 430 1743 Β.
454 1730 492 1734 -
512 1714 539 1743 8.
561 1716 603 1743 Et
623 1715 718 1743 corde.
742 1714 772 1742 C.
793 1731 830 1735 —
856 1713 1050 1743 16.vi1·11iter
1072 1725 1109 1743 ue
1122 1714 1179 1743 BC.
1226 1731 1238 1736 ι
1254 1713 1298 1743 19.
1319 1716 1428 1744 cellula
1441 1715 1471 1744 G.

194 1754 240 1782 27.
261 1755 366 1783 Jesum
388 1753 540 1782 Christum
560 1754 618 1782 BC.
649 1769 684 1772 —
714 1752 760 1782 28.
789 1756 819 1782 et
846 1753 920 1782 fehlt
941 1753 970 1781 C.
994 1770 1028 1773 —
1050 1724 1096 1782 ἕο.
1118 1753 1217 1788 dolor,
1244 1763 1331 1791 quem
1351 1763 1411 1782 non
1433 1755 1467 1782 B.
1486 1769 1523 1773 —

194 1792 241 1822 40.
262 1794 304 1821 Et
328 1802 347 1821 a
368 1792 485 1821 Christo
514 1801 544 1820 es
567 1793 598 1821 O.
631 1806 669 1811 —-
693 1790 740 1821 43.
761 1792 787 1820 A
813 1794 876 1821 suis
903 1792 947 1820 slis
974 1795 1109 1821 sanatam
1129 1792 1162 1820 Β.
1250 1791 1297 1821 45.
1317 1793 1375 1821 His
1403 1793 1523 1821 reddere

196 1834 227 1861 B.
253 1846 294 1852 —
319 1830 367 1860 46.
388 1832 430 1859 Et
454 1832 515 1859 nisi
540 1833 573 1859 tu
598 1831 630 1859 id
653 1831 747 1859 facias
769 1831 802 1859 B.
830 1847 868 1852 —
890 1829 937 1858 47.
966 1833 1006 1860 sis
1035 1831 1180 1859 tradenda
1199 1832 1232 1859 B.
1261 1846 1300 1850 —
1319 1831 1366 1860 49.
1391 1832 1470 1866 Quos
1492 1834 1523 1859 tu

352 1872 358 1878 .
716 1879 721 1885 ,
766 1878 771 1885 ,
863 1880 870 1886 ,
919 1879 923 1884 .
999 1870 1005 1876 ·
1017 1880 1021 1884 .
1229 1881 1234 1886 .
1282 1880 1287 1886 -
1387 1872 1393 1877 '
1450 1871 1456 1884 ί
1485 1886 1519 1887 j

193 1881 252 1938 3³1¹?
256 1880 378 1938 Ἓὲιῗέἓ
398 1871 432 1937 ἒξ
452 1886 496 1928 ἶ
512 1868 563 1937 {tt
580 1871 686 1937 ‘3113ssss
701 1878 811 1945 §1123
822 1869 1023 1936 &ag-{33⁶¹}
1043 1869 1136 1937 gi]
1153 1868 1523 1946 {iir35t{¹‘{¹1ie¹s¹fl}‚}1?2lasa

191 1949 225 1977 Β.
251 1965 289 1970 -—
316 1946 362 1976 62.
384 1947 408 1975 O
437 1956 524 1985 quam
553 1949 611 1976 cito
633 1953 666 1976 Β.
697 1964 735 1968 -
761 1945 806 1976 63.
827 1948 975 1976 Mammae
1001 1949 1070 1975 tuae
1090 1948 1130 1983 B3
1160 1948 1230 1976 Tibi
1257 1948 1408 1977 mamillae
1430 1948 1460 1976 G.
1486 1963 1523 1967 -

192 1986 237 2016 65.
259 1987 377 2016 Genera
402 1988 601 2016 membrorum
630 1987 746 2014 fortiter
767 1987 798 2014 B.
827 2002 867 2007 —
894 1984 939 2014 68.
959 1986 1059 2014 Malus
1084 1994 1204 2023 praeses
1225 1987 1258 2015 B.
1283 2001 1322 2006 —--
1342 1985 1387 2015 74.
1409 1996 1427 2015 a
1446 1988 1522 2016 vivis

191 2027 226 2055 A.
257 2041 295 2046 —
316 2025 363 2054 75.
383 2026 460 2054 fehlt
481 2027 514 2054 Β.
536 2041 572 2045 -
594 2023 641 2054 76.
661 2026 734 2053 Mox
753 2025 790 2053 <le
810 2024 893 2054 coelo
911 2026 1020 2052 missus
1039 2027 1123 2053 venit
1142 2026 1174 2053 Β.
1195 2042 1232 2046 -
1252 2024 1299 2052 77.
1320 2026 1451 2062 Angelus
1472 2028 1524 2062 qui

191 2069 221 2093 te
249 2066 370 2095 vestivit
389 2065 423 2093 Β.
449 2080 487 2085 -—
513 2062 551 2092 78
579 2073 642 2102 sqq.
670 2064 768 2092 fehlen
790 2065 821 2092 B.
851 2079 890 2084 —
916 2061 961 2091 30.
989 2071 1006 2091 a
1027 2065 1105 2091 vivis
1125 2063 1160 2091 A.
1179 2081 1196 2085 —
1237 2061 1282 2091 81.
1303 2064 1412 2093 foetido
1434 2066 1464 2094 C.
1485 2080 1524 2085 —

194 2102 241 2133 83.
263 2105 412 2132 truncaris
434 2104 469 2131 A.
491 2117 529 2123 --
550 2100 596 2131 84.
619 2104 834 2131 consummaris
853 2103 889 2131 A.
912 2117 947 2121 ·-
968 2100 1014 2130 85.
1036 2105 1120 2139 pater
1140 2103 1174 2130 A.
1190 2119 1228 2123 —
1250 2100 1295 2130 87.
1310 2104 1352 2131 Et
1370 2105 1524 2140 praemisit

193 2144 234 2179 A-‚
256 2143 300 2172 Ut
318 2144 444 2170 conatur
466 2143 499 2171 B.
518 2156 555 2161 —
577 2139 625 2170 89.
646 2141 673 2168 A
693 2151 751 2179 quo
773 2141 863 2170 (lucta
882 2141 916 2169 B.
936 2155 973 2160 -—
995 2139 1040 2169 96.
1061 2142 1196 2178 Mihique
1217 2142 1251 2170 A.
1265 2156 1301 2160 -—
1325 2140 1388 2171 100.
1402 2143 1522 2171 Veram-

191 2191 249 2219 que
269 2181 303 2209 B.
324 2197 362 2201 —
385 2178 450 2208 107.
471 2189 525 2217 pro
547 2181 656 2216 quibus
678 2180 709 2208 C.
730 2195 767 2200 -—
791 2178 845 2209 110
866 2188 929 2216 sqq.
950 2179 1049 2208 fehlen
1069 2181 1129 2208 AO.

583 2292 647 2326 159.
686 2293 731 2325 De
751 2294 861 2326 saneto
882 2292 1136 2326 Bartliolomaeo.

191 2370 223 2403 1.
249 2366 417 2407 Excitare,
446 2375 464 2398 o
492 2374 547 2398 eor
571 2374 686 2409 meum,
952 2365 1012 2405 Qui
1038 2367 1087 2397 est
1111 2367 1225 2407 potens
1251 2367 1338 2407 apud
1363 2366 1477 2408 Deum,

250 2414 431 2449 Laudando
457 2414 739 2449 Bartholomaeum
949 2414 999 2447 Ne
1024 2423 1075 2446 me
1101 2415 1231 2447 damnet
1255 2424 1346 2449 suum
1371 2425 1461 2449 reum

301 2463 380 2498 Cum
408 2472 486 2496 voce
510 2462 665 2504 laetitiae,
998 2462 1117 2504 Rigore
1138 2463 1291 2503 justitiae.
