1653 2668
702 127 956 163 *161-

175 223 203 255 8,
227 220 244 249 2
258 223 316 251 Dei
337 222 461 251 caritate
481 223 562 258 pleni
576 223 613 251 E.
628 239 664 244 -—
678 221 705 257 8,
727 221 747 250 4
766 232 824 260 quo
845 223 948 251 divina
960 221 983 252 Ι.
999 237 1035 241 -
1050 222 1077 258 8,
1098 220 1116 249 5
1129 222 1281 250 Docuistis
1301 223 1395 251 libere
1407 224 1443 251 Ε.
1457 240 1495 244 -

174 260 201 294 8,
225 259 242 289 6
262 260 348 289 Ferte
369 269 421 296 pro
443 269 490 289 me
502 261 566 289 EF.
590 276 621 281 -
644 258 672 296 8,
692 261 710 289 7
730 261 773 289 Ut
791 260 847 289 illa
866 261 1017 289 tremenda
1028 261 1064 288 A.
1076 274 1115 281 —
1128 257 1156 295 8,
1176 257 1193 286 9
1209 261 1272 288 Piis
1292 262 1373 288 mitis
1393 261 1442 289 131.
1457 276 1493 280 —

176 297 208 333 8,
238 297 273 327 10
297 298 385 326 Justo
412 300 517 327 vivens
544 307 663 328 munere
687 300 728 335 A3
753 300 881 335 jungens
908 308 1028 327 munere
1049 299 1085 334 03
1112 294 1220 335 urgens
1248 307 1367 327 munere
1391 299 1420 334 I;
1445 300 1493 327 Mc

174 336 285 366 dextris
305 337 381 364 velis
398 337 523 373 jungere
542 337 603 366 EF.
624 351 660 358 ——
682 336 707 372 9,
731 335 746 365 1
767 338 791 366 O
811 338 892 366 beati
907 336 1016 366 Christi
1029 336 1154 365 BCEFI.
1169 350 1206 355 -
1221 335 1246 371 9,
1268 334 1286 364 2
1301 337 1358 371 Qui
1377 336 1491 367 lavistis

174 377 289 403 vestras
309 374 387 410 13013
413 376 537 404 Vestras
565 378 616 411 qui
641 376 757 404 lavistis
777 376 813 403 E.
836 391 873 395 —
896 374 928 407 9,
957 373 975 404 :3
994 375 1031 403 In
1059 375 1121 410 ejus
1147 376 1216 411 agni
1234 375 1259 403 Ι.
1279 389 1317 393 -
1338 374 1370 408 9,
1396 373 1415 403 4
1435 375 1494 404 Suo

173 413 312 442 mundum
335 414 387 450 qui
408 414 535 442 BCEFI.
556 429 595 434 —-
615 413 641 449 9,
664 412 681 441 9
701 413 894 443 conscendam
916 413 1041 442 BCEFI.
1063 428 1102 433 ——
1123 411 1167 447 10,
1191 410 1209 441 3
1223 414 1283 441 Hic
1302 415 1346 441 sic
1359 413 1495 442 Christus

174 453 207 481 B.
233 467 273 472 —
301 449 352 487 10,
378 449 399 479 4
418 453 505 487 Quod
530 460 585 480 vos
612 461 711 481 secum
729 451 772 488 E,
801 460 900 480 seeum
923 460 1002 479 nune
1028 451 1141 479 locavit
1157 452 1182 480 Ι.
1203 467 1241 472 —
1262 449 1313 485 11,
1338 450 1357 479 2
1378 451 1496 480 Christo

173 490 240 525 EF;
269 490 393 526 speciali
412 490 462 519 BL
482 504 521 510 —-
543 487 586 525 11,
609 489 627 519 3
649 490 704 518 Cui
723 490 869 518 ferventer
889 490 931 524 A;
960 490 1025 524 Qua
1046 490 1192 518 ferventer
1211 490 1271 518 EF.
1292 504 1329 509 —-
1353 488 1396 525 11,
1417 489 1436 518 4
1455 490 1495 517 Et

174 529 320 557 laetanter
340 529 486 557 introistis
506 528 634 557 BCEFI.
654 543 692 548 —-
714 527 758 562 11,
779 527 796 556 5
817 528 852 557 In
873 527 955 564 cujus
979 529 1127 564 potentias
1147 529 1185 556 B:
1205 528 1242 556 In
1263 528 1324 563 ojus
1345 528 1493 566 potentias

174 567 273 596 CEFI.
294 583 330 587 —
354 564 398 602 11,
420 565 436 595 6
456 567 533 595 Mihi
554 567 662 595 vestris
683 567 814 595 obtinete
833 566 909 594 ABI.
931 581 970 585 —
993 564 1036 601 11,
1058 565 1075 594 ’7
1095 566 1236 595 Precibus
1256 568 1290 594 ut
1309 575 1374 595 cum
1396 568 1494 604 quiete

172 605 248 634 ABI.
276 620 313 626 -—
343 603 387 639 11,
408 603 426 633 8
452 605 517 641 Ego
549 606 640 633 miser
660 613 695 632 ac
716 604 829 633 solutus
849 605 891 641 A;
920 604 1070 633 Contritus
1090 607 1257 642 poenitens,
1285 606 1435 634 confessus
1454 605 1493 632 B:

172 645 199 672 A
218 644 349 680 peccatis
369 644 522 672 absolutus
539 644 563 672 Ι.
583 659 622 664 —
648 641 693 678 11,
714 642 732 672 9
750 643 800 671 Ex
818 642 875 671 hac
895 643 974 671 valle
994 643 1101 671 vadam
1121 645 1203 672 tutus
1223 644 1257 671 A.
1296 643 1393 672 Purus
1412 652 1495 672 meus

173 683 214 711 sit
232 684 369 718 acceptus
390 682 428 718 Β,
453 681 545 710 Liber
564 682 671 710 vadam
692 684 782 717 atque
805 684 886 709 tutus
912 681 936 710 1.
962 696 1000 701 —
1027 679 1075 716 11,
1099 679 1134 709 10
1154 681 1200 710 Ad
1220 681 1296 710 coeli
1316 682 1439 710 delicias
1459 681 1493 709 A.

173 721 219 749 Ad
245 720 389 749 coelestes
414 722 534 757 nuptias
558 720 633 749 1301.
658 735 692 739 —
722 718 772 756 12,
794 719 809 748 1
831 720 973 748 Universi
991 721 1072 748 cives
1092 720 1169 748 coeli
1187 719 1314 748 BGEFL
1341 734 1377 739 —-
1407 718 1456 756 12,
1477 717 1495 747 2

173 759 273 788 Mente
294 768 398 795 precor
418 759 510 795 BEF3
537 767 591 787 vos
611 761 709 787 mente
731 757 761 785 U.
782 774 820 779 —
841 756 890 791 12,
916 756 934 786 3
955 767 1034 786 nunc
1053 760 1184 796 reg-natis
1205 758 1315 786 BCEF.
1342 773 1375 778 ——-
1399 756 1449 793 12,
1476 757 1495 786 4

173 798 244 826 Sitis
264 806 349 826 meae
371 798 550 826 calamitatis
570 797 604 825 A.
626 812 663 817 —-
686 795 729 832 12,
751 795 768 825 5
790 800 819 826 et
838 798 976 826 miseriae
995 796 1106 825 ACEF.
1127 813 1165 817 -—
1187 794 1231 831 12,
1253 796 1269 825 6
1291 797 1379 826 Orate
1400 797 1435 825 A.
1457 811 1494 815 —-

176 834 226 870 12,
248 834 266 864 8
286 836 352 872 Ego
373 836 449 865 liber
470 844 505 864 ac
524 836 638 865 solutus
658 835 785 864 BCEFI.
807 851 843 856 —-
866 833 915 871 12,
937 833 954 863 9
974 835 1031 864 hac
1049 837 1113 863 vita
1131 835 1241 864 BCEF.
1263 850 1300 856 —-
1323 834 1371 870 12,
1395 833 1430 863 10
1450 835 1495 863 Ad

175 874 316 903 coelestes
337 876 457 911 nuptias
478 874 512 902 A.

531 1004 594 1037 130.
634 1005 762 1037 Litania
785 1004 926 1037 Omnium
946 1004 1138 1036 Sanctorum.

177 1097 207 1130 1.
232 1097 333 1130 Istam
360 1096 448 1129 dicas
473 1096 587 1128 humili
924 1094 1028 1127 Aufer
1052 1093 1144 1127 nobis
1169 1095 1311 1127 taedium

282 1147 356 1178 voto
381 1144 542 1184 letaniam,
973 1142 1188 1183 cujuscunque
1212 1142 1315 1184 molis,

236 1192 299 1226 Pro
325 1195 358 1224 te
382 1194 414 1224 et
437 1201 497 1233 pro
522 1192 655 1232 reliquis
924 1191 971 1224 Ut
996 1190 1094 1223 simus
1119 1190 1291 1231 pervigiles

283 1249 392 1274 aurem
417 1241 549 1280 pulsans
576 1240 671 1279 diam,
970 1239 1003 1272 in
1029 1240 1211 1271 sanctorum
1235 1238 1366 1274 50110115.

236 1289 281 1322 Ut
304 1297 363 1321 1105
390 1288 536 1321 Christus
563 1288 682 1329 dirigat
867 1299 898 1330 5,
926 1296 964 1328 In
989 1296 1135 1337 pel-sonis
1160 1295 1299 1335 trinitas,

282 1338 316 1369 in
342 1336 454 1369 salutis
480 1336 578 1369 vitam
974 1344 1028 1385 qui
1054 1353 1086 1376 ΘΞ
1111 1343 1199 1376 Deus
1224 1351 1316 1384 unus,

236 1385 282 1417 Et
305 1384 436 1424 Ροδδῗῑῑ5
463 1392 598 1424 carpere
928 1392 1030 1425 Nobis
1053 1391 1307 1432 supplicantibus

287 1441 442 1464 summam
466 1431 692 1465 hierarchiam.
974 1441 1037 1473 hog
1059 1439 1179 1479 largire
1203 1447 1326 1478 munuS,

177 1493 209 1526 2.
237 1491 297 1531 Qui
320 1490 489 1530 plasmasti
514 1489 674 1522 hominem
931 1488 986 1528 Ut,
1018 1488 1103 1527 quod
1128 1487 1223 1519 datur
1247 1486 1383 1527 miseris,

281 1539 399 1571 mirum
423 1547 483 1578 per
509 1537 726 1578 emplastrum,
974 1535 1240 1568 transcendamus
1265 1533 1371 1577 funus,

233 1587 277 1619 Et
305 1586 461 1619 discernis
487 1585 645 1626 singulum
925 1584 970 1618 Et
992 1583 1085 1616 nobis
1109 1581 1292 1623 petentibus

282 1643 343 1676 per
369 1634 541 1667 discrimen
567 1635 699 1673 astrum,
975 1631 1017 1664 da
1043 1632 1202 1664 coelorum
1226 1639 1350 1663 munus.

236 1684 296 1723 QUi
322 1682 434 1716 evenis
460 1681 593 1715 fsUffioeS
867 1692 897 1724 6.
925 1689 1041 1732 Maria,
1069 1697 1163 1729 quam
1188 1690 1320 1721 satanae

281 1739 342 1764 nec
365 1739 426 1771 per
451 1729 531 1763 ferri
554 1731 703 1769 rastrum,
973 1747 1037 1771 non
1060 1736 1175 1769 infecif,
1198 1734 1300 1776 fucus,

235 1779 303 1813 NOS
329 1779 458 1813 aVUlSOS
483 1778 570 1810 ViffiS
924 1786 993 1819 Nec
1017 1785 1269 1818 sollicitaverant

284 1827 347 1861 duc
369 1827 411 1860 ad
437 1829 526 1859 tuum
553 1828 701 1858 castrum.
973 1842 1061 1875 Opes,
1088 1842 1174 1874 ager,
1200 1832 1299 1872 lucus,

174 1888 208 1920 3.
235 1886 343 1920 Patris
367 1884 542 1926 unigenite,
928 1882 992 1915 Sed
1017 1880 1137 1922 templo
1163 1883 1349 1913 servaverat

283 1935 366 1968 bone
391 1933 470 1966 Jesu
496 1932 633 1973 Christe,
973 1930 1061 1963 Deus
1086 1937 1146 1962 nec
1171 1929 1343 1969 eunuchus,

232 1982 326 2016 Patri
350 1985 405 2017 tuo
430 1980 578 2022 pontifex
924 1979 1002 2020 Fac,
1024 1987 1064 2010 ne
1087 1986 1146 2010 nos
1170 1975 1302 2010 adficiat

281 2040 341 2072 pro
366 2030 460 2063 nobis
486 2030 618 2070 adsiste,
972 2025 1141 2059 infernalis
1166 2024 1317 2058 bruchus.

234 2080 282 2114 Ut
307 2079 363 2112 det
386 2078 481 2111 11ῡῦΪὸ
505 2077 657 2118 gauffium
867 2087 899 2119 7.
923 2085 1045 2119 Sancta
1068 2083 1131 2116 Dei
1156 2083 1299 2124 genitrix

269 2126 397 2161 &Ufffl'ass
422 2130 454 2159 0¹⁵
476 2126 580 2166 triste,
974 2132 1112 2166 fundens
1138 2131 1208 2164 orbi
1233 2131 1347 2172 lucem,

232 2177 285 2210 Ne
308 2185 367 2209 HOS
392 2176 434 2209 ad
459 2174 626 2207 interitum
925 2182 1025 2222 Quam
1051 2181 1093 2213 ad
1118 2188 1251 2221 regnum
1276 2180 1437 2221 perditum

282 2226 381 2258 ducat
405 2222 543 2255 mundus
567 2223 640 2258 iste,
969 2231 1037 2270 jam
1062 2228 1214 2263 habemus
1242 2228 1364 2267 ducem,

173 2287 206 2319 4.
233 2285 336 2317 Amor
359 2280 549 2321 indeficiens
922 2278 1008 2312 Dum
1033 2277 1135 2319 surgit
1160 2287 1180 2310 a
1204 2275 1336 2310 mortuis

283 2334 316 2365 et
341 2330 444 2372 patris
472 2331 503 2362 et
528 2329 640 2370 prolis,
973 2326 1129 2366 Christus,
1155 2325 1283 2358 scandit
1307 2334 1443 2367 crucem,

230 2382 323 2415 Intus
347 2387 406 2413 nos
430 2378 578 2412 illumina
923 2375 1020 2410 Hunc
1045 2385 1132 2416 roga,
1160 2373 1244 2416 quod
1271 2375 1431 2415 deprimat

282 2431 357 2473 igne
379 2427 496 2461 summi
520 2427 609 2467 soliS,
970 2426 1113 2458 nostrum
1138 2423 1261 2456 hostem
1288 2427 1420 2458 trucem.

227 2492 356 2519 Dreve5‚
371 2489 418 2514 Pia
430 2486 576 2513 Dictamina.
1287 2478 1321 2509 11
