1653 2668
174 241 229 274 68.

175 545 230 578 69.

177 846 232 879 70.

175 1147 229 1181 71.

178 1451 232 1483 72.

174 1750 230 1782 73.

171 2050 226 2083 74.

167 2353 221 2387 75.

711 144 947 180 *73-

257 239 362 281 Salve,
388 240 477 280 cujus
503 250 617 274 nomen
642 245 786 275 sanctum

255 288 318 321 Est
339 291 537 330 unguentum
570 292 802 331 aegrotantum,

304 336 385 377 Spes
411 339 444 369 et
466 337 636 382 invocatio,

256 385 340 425 Quos
366 388 399 417 et
422 387 498 418 tuae
521 386 701 419 sanctitatis

259 434 290 465 A
314 433 434 466 sanctis
461 434 580 466 dilecta
604 435 682 467 satis

305 480 479 514 Perfundit
503 482 620 524 opinio.

258 543 362 587 Salve,
388 552 481 585 quam
505 544 533 576 is
549 547 624 584 post
640 553 676 577 se
694 545 803 586 traxit,

259 591 318 632 Qui
342 601 378 624 se
404 593 445 625 de
468 595 501 624 te
525 594 755 634 praeextraxit,

308 639 406 680 Cujus
428 640 464 672 in
489 640 643 673 odoribus

259 688 503 728 Unguentorum
529 686 707 730 cucurristi,

258 736 366 769 Uncta
391 735 505 777 quibus
531 735 682 768 exstitisti

307 783 385 817 Tuis
409 793 489 824 prae
514 783 722 817 consortibus.

260 845 366 886 Salve,
398 855 492 886 quam
516 845 606 886 prius
631 846 663 878 in
689 848 745 878 tua

260 893 349 926 Gella
373 896 538 933 susceptus
562 902 620 925 rex
644 902 703 925 sua

306 940 407 974 Duxit
426 941 460 973 in
484 942 625 982 cellaria,

258 989 305 1022 Ut
328 989 416 1021 illius
442 993 636 1021 secretorum

258 1037 312 1070 Ad
336 1036 492 1069 laetitiam
518 1040 643 1069 tuorum

305 1083 385 1117 Jure
411 1084 466 1117 fias
495 1085 632 1117 conscia.

258 1146 362 1189 Salve,
390 1155 483 1188 quam
508 1146 656 1179 nimirum
682 1148 763 1179 recti

257 1195 335 1227 Tuis
359 1194 483 1227 merit-is
505 1195 608 1227 illecti

303 1243 425 1276 Amant
447 1243 651 1283 unanimiter,

261 1291 322 1330 Qui
346 1294 472 1323 tuorum
496 1290 683 1323 meritorum

260 1339 466 1379 Uberumque
491 1339 687 1379 geminorum

305 1386 466 1420 Memores
491 1389 566 1419 sunt
586 1387 715 1428 jugiter.

260 1448 366 1489 Salve,
392 1449 485 1489 nigra
509 1448 565 1480 sed
592 1448 741 1489 formosa,

258 1497 361 1538 Nigra
385 1496 442 1529 sed
461 1496 631 1537 invidiosa,

306 1544 409 1585 Nigra
436 1544 672 1585 derogantibus,

257 1593 330 1626 Non
355 1593 389 1625 in
414 1596 446 1624 te
469 1596 604 1624 naturae
628 1601 745 1632 regem,

257 1641 323 1674 Sed
347 1643 472 1672 tantum
496 1644 631 1672 naturae
655 1640 757 1680 legem

303 1690 409 1722 Prave
432 1688 717 1729 perpendentibus.

257 1747 365 1788 Salve,
389 1749 459 1779 tota
483 1746 620 1787 pulchra
647 1746 736 1778 bonis

257 1796 349 1829 Sicut
369 1795 472 1835 pelles
499 1794 675 1827 Salomonis

304 1842 416 1877 Carnis
442 1840 621 1885 mortificio,

256 1893 342 1925 Vera
366 1891 596 1931 Jerosolimita‚

255 1941 336 1981 Quia
362 1939 466 1972 carnis
493 1939 645 1980 expedita

300 1990 437 2022 Prorsus
462 1997 482 2020 a
508 1987 659 2021 dominio.

253 2047 360 2087 Salve,
386 2055 480 2087 quam
508 2045 715 2090 decoloravit,

252 2096 389 2128 Dulcem
405 2097 516 2127 natum
528 2102 611 2135 quae
623 2095 798 2134 damnavit,

299 2144 444 2176 Fervens
467 2143 666 2184 persecuti03

251 2192 317 2226 Sed
342 2200 402 2224 nec
426 2191 523 2223 talem
548 2193 581 2223 te
605 2192 749 2230 miratur,

253 2241 311 2274 Cui
336 2241 449 2273 matris
470 2239 638 2272 intimatur

296 2289 446 2323 Amantis
472 2287 607 2321 affectio.

249 2349 356 2389 Salve,
371 2356 466 2389 quam
475 2349 552 2381 tunc
560 2346 796 2389 impugnarunt,

248 2398 345 2431 Prole
370 2396 457 2429 dulci
483 2396 557 2428 dum
582 2395 747 2433 orbarunt,

293 2447 384 2480 Tuae
407 2445 520 2478 matris
544 2442 615 2485 filii,

864 401 921 435 76.

865 702 918 735 77.

863 1004 918 1037 78.

864 1306 919 1338 79.

862 1603 916 1636 80.

860 1901 915 1935 81.

857 2201 913 2234 82.

944 243 990 275 Et
1015 243 1152 275 velatum
1178 250 1232 274 cor
1257 242 1412 274 habentes

944 290 1062 323 Adhuc
1087 292 1235 331 perstant.
1262 290 1490 330 persequentes

993 338 1147 371 Veritatis
1171 338 1275 371 inscii.

947 400 1053 443 Salve,
1077 400 1145 433 fida
1169 399 1379 441 plurimarum

948 450 1060 483 Custos
1086 447 1172 481 facta
1197 448 1371 487 vinearum,

993 496 1088 537 Dum,
1115 496 1260 537 linquens
1285 495 1458 535 nequitiam

947 545 1144 586 Synagogae,
1171 544 1367 584 singularum

945 591 1000 626 Ad
1025 601 1131 625 curam
1159 592 1363 624 ecclesiarum

993 640 1128 672 Transis
1154 643 1186 672 et
1210 639 1397 673 custodiam.

947 702 1050 746 Salve,
1079 702 1239 743 quondam
1262 702 1448 741 Pharaonis,

945 751 1017 783 Hoc
1041 753 1091 782 est
1114 750 1237 790 antiqui
1263 750 1410 782 draconis

994 797 1151 830 Infestata
1177 798 1333 837 curribus,

945 847 1028 886 Quos
1054 848 1142 878 recte
1166 846 1327 886 triumpho
1355 844 1474 877 Christi

946 894 1093 926 Similata
1117 893 1317 925 submersisti

992 941 1094 982 Aquis
1109 940 1319 981 spiritalibus

945 1003 1049 1043 Salve,
1077 1004 1165 1042 cujus
1188 1003 1308 1035 nardus
1333 1005 1433 1043 grata,

944 1050 1016 1083 Hoc
1041 1054 1090 1083 est
1110 1050 1212 1082 virtus
1237 1050 1299 1082 hac
1326 1050 1460 1091 signata,

994 1098 1132 1131 Odorem
1156 1097 1308 1136 exhibuit,

946 1147 1028 1179 Dum
1056 1146 1169 1178 summi
1194 1146 1227 1178 in
1252 1146 1324 1178 sinu
1349 1147 1451 1185 patris

944 1194 989 1226 Et
1012 1195 1047 1226 in
1065 1198 1120 1226 tuo
1146 1194 1263 1235 dignae
1286 1194 1399 1226 matris

994 1242 1077 1274 Alvo
1102 1250 1160 1274 rex
1186 1241 1344 1274 accubuit.

947 1304 1052 1343 Salve,
1077 1304 1128 1336 cui
1151 1304 1285 1344 myrrha
1308 1303 1372 1336 fuit

945 1353 1101 1395 Dilectus,
1129 1360 1199 1383 cum
1224 1354 1335 1384 nostra
1358 1352 1420 1383 luit

993 1401 1040 1434 Ut
1064 1399 1217 1432 scelestus
1242 1400 1375 1439 scelera,

944 1448 1081 1489 Myrrha
1103 1451 1239 1480 mortem
1263 1448 1441 1488 tolerando,

944 1496 1081 1537 Myrrha
1105 1504 1232 1536 semper
1258 1496 1476 1528 conservando

991 1543 1125 1576 Morans
1150 1544 1235 1575 inter
1260 1543 1369 1576 ubera.

945 1602 1049 1642 Salve,
1077 1602 1171 1641 digne
1198 1603 1383 1641 comparata

943 1649 1034 1682 Flori
1054 1648 1180 1689 florum,
1204 1658 1326 1681 summo
1350 1648 1419 1681 lata

991 1697 1077 1730 Lilio
1104 1697 1304 1738 convallium,

943 1746 1032 1778 Inter
1053 1744 1136 1778 filias
1162 1744 1302 1778 formosa

946 1791 1041 1826 Velut
1064 1793 1149 1826 inter
1173 1792 1268 1826 flores
1293 1802 1378 1833 rosa,

988 1842 1077 1875 Inter
1102 1841 1210 1881 spinas
1236 1842 1347 1874 lilium.

944 1899 1049 1941 Salve,
1075 1900 1171 1940 plena
1197 1900 1341 1941 caritate,

943 1948 1041 1988 Quam
1066 1949 1122 1988 pia
1146 1947 1352 1988 benignitate,

990 1995 1049 2029 Pia
1075 1995 1241 2036 diligentia

942 2045 1032 2077 Tunc
1056 2044 1089 2076 in
1114 2047 1147 2075 te
1171 2053 1230 2076 rex
1254 2044 1426 2087 ordinavit,

942 2093 1022 2126 Cum
1044 2093 1209 2125 inductam
1235 2093 1405 2125 collocavit

989 2142 1027 2174 In
1053 2142 1134 2174 cella
1158 2141 1292 2175 vinaria.

941 2199 1047 2239 Salve,
1069 2198 1202 2232 floribus
1227 2197 1336 2232 fulciri

940 2249 1049 2289 Atque
1074 2247 1318 2280 circumamiciri

986 2295 1083 2329 Malis
1108 2296 1162 2337 pie
1186 2296 1334 2340 gestiens,

940 2344 1033 2377 Motu
1058 2345 1188 2386 quidem
1213 2345 1355 2378 caritatis

940 2393 1080 2426 Nostrae
1104 2397 1208 2426 motus
1232 2394 1383 2434 puritatis

986 2441 1032 2475 Et
1057 2441 1180 2475 fructus
1206 2443 1359 2477 esuriens
