1653 2668
185 243 241 276 38.

187 547 242 580 39.

191 850 249 883 40.

189 1151 244 1185 41.

193 1453 252 1484 42.

192 1750 249 1783 43.

192 2049 249 2082 44.

188 2351 246 2383 45.

726 145 964 180 „71-

268 242 374 283 Salve,
399 242 500 275 nubes
531 244 698 283 claritatis,

266 290 390 323 Exsors
414 294 546 324 nostrae
570 292 748 333 gravitatis⁷

316 339 414 372 Lenis
440 341 472 371 et
495 338 641 385 lucifera,

267 389 367 428 Quam
375 387 533 421 scandens
542 386 826 422 Christusintravit

267 435 435 477 Mundum,
460 435 494 468 in
513 445 574 477 quo
593 436 816 469 condemnavit

319 483 540 516 Tenebrarum
567 493 675 525 opera.

270 546 376 589 Salve,
402 546 524 580 virtute
549 546 695 579 sublimis

270 594 371 627 Abies
396 597 565 635 myrteque
588 594 684 626 nimis

320 643 517 684 Temperans
544 645 576 675 et
600 641 738 682 humilis,

271 692 362 731 Quae
386 699 446 731 pro
471 691 578 731 prima
599 689 781 730 peccatrice

272 738 494 772 Conscendisti
520 739 560 771 de
584 738 694 770 radice

321 786 438 828 Stirpis
462 796 527 819 non
551 786 709 826 ignobilis.

276 849 381 889 Salve,
406 850 511 880 mater
535 847 698 890 novitatis,

273 896 472 930 Renovatrix
495 896 663 927 vetustatis

319 944 376 976 Nil
401 946 560 977 vetustum
585 944 724 983 sapienS,

272 993 360 1032 Quae
384 993 488 1025 virum
517 991 768 1029 circumdedisti,

273 1040 434 1074 Christum
460 1040 532 1072 alvo
560 1039 634 1070 dum
658 1038 795 1079 gessisti,

323 1088 421 1128 Virgo
447 1087 551 1119 virum
575 1087 732 1119 nesciens.

273 1150 378 1192 Salve,
403 1152 497 1190 porta
521 1149 721 1190 principalis,

272 1198 390 1231 Aditus
417 1197 593 1237 orientalis,

320 1246 420 1278 Porta
444 1245 505 1277 soli
529 1245 641 1286 pervia

275 1294 428 1337 Principi‚
453 1302 512 1333 per
536 1302 630 1334 quam
655 1292 788 1325 intravit

275 1341 454 1382 Templum,
480 1342 565 1381 quod
590 1344 622 1372 et
645 1341 820 1373 illustravit

321 1389 456 1423 Pietatis
481 1390 595 1430 gratia.

277 1451 383 1492 Salve,
400 1459 500 1489 mons,
521 1451 562 1483 de
577 1459 637 1490 quo
655 1450 819 1490 praecisus

275 1499 386 1539 Lapis,
412 1507 472 1539 per
496 1506 589 1538 quem
615 1501 663 1529 est
688 1497 794 1538 elisus,

324 1547 423 1587 Quem
448 1546 554 1587 signat
577 1546 699 1585 iconia;

276 1596 314 1628 In
339 1595 527 1627 immensum
552 1596 688 1626 montem
720 1593 822 1625 crevit

275 1643 320 1676 Et
344 1645 443 1675 totam
469 1645 589 1674 terram
611 1641 750 1681 replevit

324 1690 506 1731 Majestatis
535 1689 647 1730 gloria.

276 1748 381 1789 Salve,
410 1749 507 1780 decor
532 1746 707 1788 virginalis,

274 1797 373 1837 Virgo
400 1804 474 1828 vere
498 1804 575 1835 pars
599 1794 750 1828 australis

322 1844 367 1876 Et
391 1853 481 1877 mons
506 1842 614 1875 fructu
640 1842 769 1883 fertilis,

274 1893 324 1926 De
349 1902 410 1933 quo
435 1893 524 1925 venit
543 1891 585 1924 ad
614 1901 671 1924 nos
697 1890 795 1935 Deus,

273 1943 395 1975 Factus
421 1941 479 1973 sed
502 1944 540 1972 ut
562 1941 656 1972 homo
681 1947 756 1972 reus

324 1989 445 2022 Forma
469 1989 555 2022 servi
579 1988 702 2021 similis.

277 2047 382 2088 Salve,
408 2047 523 2079 mulier
547 2045 698 2088 formosa,

277 2096 333 2129 Cui
359 2095 475 2130 Judith
499 2098 550 2127 sat
574 2093 698 2128 famosa

322 2144 451 2177 Alludit
476 2143 619 2184 victoria,

273 2195 338 2227 Per
362 2201 456 2233 quam
481 2191 580 2225 Satan
601 2191 785 2232 suffocatur,

267 2242 313 2275 Et
337 2250 414 2282 gens
439 2243 495 2273 tua
519 2240 675 2273 liberatur

322 2289 372 2322 De
396 2289 508 2322 mortis
533 2289 688 2330 angustia.

273 2349 379 2390 Salve,
407 2347 497 2388 cujus
523 2347 679 2381 castitatis

273 2398 352 2431 Sinu
378 2395 607 2438 comprehendi
631 2397 731 2438 gratis

319 2446 431 2480 Voluit
454 2445 650 2487 rhinoceros,

876 705 932 738 47.

877 1007 933 1039 48.

877 1308 933 1340 49.

881 1604 936 1637 50.

881 2203 936 2236 52.

958 243 1055 283 Cujus
1080 242 1174 275 unica
1197 242 1359 283 majestas,

957 292 1053 331 Cujus
1080 290 1219 324 discreta
1242 292 1385 330 potestas

1005 338 1163 380 Spoliavit
1184 336 1316 371 inferos.

923 428 929 434 .
957 401 1062 443 Salve,
1081 411 1234 434 summam
1248 409 1329 441 quae
1342 400 1499 444 sophiam,

957 450 1049 483 Patri
1072 449 1216 482 Thobiae
1239 448 1398 482 Thobiam

1006 497 1153 531 Genuisti
1177 497 1288 538 filium,

957 548 1054 580 Anna
1077 548 1165 578 recte
1189 545 1361 585 nominata,

958 594 1046 633 Quae
1070 595 1118 627 sic
1144 594 1234 626 donis
1260 602 1293 625 es
1320 593 1423 625 ditata

1008 642 1193 675 Gratiarum
1218 642 1368 675 omnium.

959 703 1063 743 Salve,
1091 704 1139 737 sol
1167 704 1340 736 serenitate

960 751 1084 793 Nitens,
1111 750 1238 785 fervens
1266 752 1409 790 caritate,

1006 800 1044 832 In
1069 809 1130 841 quo
1155 800 1393 832 tabernaculum

960 846 1058 880 Suum
1082 847 1227 882 Christus
1254 846 1433 886 collocavit,

958 895 1091 935 Quando
1115 904 1206 927 suum
1229 896 1374 928 visitavit

1006 943 1207 984 Pugnaturus
1234 944 1397 983 populum.

960 1004 1066 1048 Salve,
1094 1005 1253 1038 conclavis
1279 1013 1421 1044 amoena,

962 1053 1043 1092 Quia
1067 1061 1158 1085 sacro
1183 1051 1262 1085 flatu
1286 1053 1393 1094 plena,

1007 1101 1104 1140 Quam
1131 1101 1273 1133 salvator
1297 1100 1397 1132 subiit

959 1148 1004 1181 Et
1027 1149 1104 1180 hinc
1128 1148 1190 1180 sibi
1217 1149 1409 1188 desponsata

961 1195 1065 1228 Carne
1087 1198 1155 1237 jam
1185 1194 1333 1229 deificata

1006 1244 1173 1285 Tanquam
1197 1252 1331 1284 sponsus
1357 1243 1487 1284 prodiit.

961 1306 1066 1346 Salve,
1094 1306 1226 1347 coelum,
1254 1306 1443 1338 coelibatum

962 1355 1095 1394 Semper
1109 1362 1251 1394 servans,
1277 1356 1502 1395 praeparatum

1007 1401 1072 1434 Dei
1093 1401 1323 1443 habitaculum,

960 1449 1010 1483 De
1035 1459 1096 1490 quo
1122 1450 1295 1483 clementer
1318 1450 1461 1491 respexit

961 1497 1006 1530 Et
1032 1496 1136 1530 factus
1160 1506 1264 1539 prope
1287 1497 1430 1539 respexit

1007 1546 1202 1579 Universum
1228 1547 1392 1587 populum.

962 1603 1067 1643 Salve,
1094 1603 1205 1643 regina
1230 1604 1390 1636 coelorum

961 1650 1104 1684 Dextrae
1130 1652 1214 1692 regis
1240 1652 1423 1692 angelorum

1009 1699 1181 1731 Adsistens
1205 1700 1239 1732 in
1265 1699 1368 1740 gloria

962 1748 1000 1781 In
1024 1748 1142 1782 vest-itu
1170 1748 1322 1780 deaurato

966 1794 1187 1836 virtutumque
1210 1796 1334 1829 variato

1003 1843 1106 1877 Plena
1132 1843 1333 1877 confluentia.

929 1930 936 1936 .
963 1901 1068 1943 Salve,
1094 1903 1209 1934 summi
1231 1902 1315 1943 regis
1341 1904 1426 1943 nata,

963 1950 1051 1983 Aure
1077 1950 1165 1989 cujus
1188 1950 1343 1983 inclinata

1009 1999 1073 2031 Per
1097 1997 1312 2032 obedientiam

961 2046 1008 2079 Te
1034 2047 1155 2087 cupivit
1178 2048 1221 2080 ad
1248 2047 1394 2080 decorem

962 2094 1042 2138 Rex,
1069 2095 1201 2128 oblitam
1225 2096 1336 2128 mundi
1359 2095 1471 2129 florem

1005 2143 1049 2175 Et
1074 2144 1176 2185 gentis
1202 2144 1382 2178 stultitiam.

961 2201 1066 2242 Salve,
1092 2201 1195 2243 virgo,
1221 2202 1311 2242 cujus
1335 2203 1459 2236 vultum

962 2249 1102 2290 Dignum
1125 2250 1186 2282 tibi
1213 2251 1325 2284 dantes
1352 2251 1470 2284 cultum

1009 2298 1234 2339 Deprecantur
1265 2299 1391 2343 divites,

962 2347 1049 2381 Vere
1073 2347 1230 2389 siquidem
1257 2348 1401 2382 ditantur

962 2394 1032 2428 Nec
1058 2396 1098 2429 de
1123 2396 1219 2437 plebe
1240 2400 1431 2438 reputantur

1010 2444 1099 2479 Tuae
1122 2445 1228 2479 laudis
1252 2446 1381 2482 milites.
