1655 2669
249 614 281 648 1.

227 1045 282 1077 10.

225 1284 280 1317 15.

225 1524 283 1556 20.

225 1765 280 1797 25.

224 2005 278 2038 30.

224 2247 280 2281 35.

654 543 676 576 l.
716 544 760 577 De
780 543 929 576 Essentia
949 543 1015 576 Dei.

307 614 400 654 Esse,
427 615 511 654 quod
538 617 587 647 est
612 624 651 647 ex
675 625 721 657 se,
747 615 835 648 Deus
860 617 919 655 est,
944 624 1003 655 per
1028 624 1120 656 quem
1147 616 1243 649 datur
1267 625 1346 656 esse,

306 662 397 701 Quod
417 671 480 694 non
506 666 555 695 est
579 671 618 695 ex
643 672 688 702 36,
715 663 844 695 deitatis
867 672 930 696 non
955 663 1052 695 habet
1073 672 1151 697 esse.

306 709 399 749 Esse,
426 710 512 750 quod
538 713 596 751 est,
623 711 709 743 Deus
736 713 794 752 est⁷
821 712 871 743 cui
896 720 1006 743 verum
1032 713 1185 752 competit
1209 721 1287 753 esse,

310 757 464 790 Convenit
490 758 566 791 huic
589 759 659 798 soli,
690 759 773 799 quod
799 760 880 791 nulli
906 760 1063 797 convenit,
1091 768 1169 794 esse.

274 829 280 835 .
307 806 395 837 Ante
418 805 522 837 Deum
546 806 626 839 nihil
653 811 710 847 est,
737 807 823 846 quod
847 807 950 847 possit
975 815 1011 839 eo
1035 807 1126 847 prius
1152 817 1230 848 esse,

310 853 386 885 Post
409 853 502 885 iilum
526 853 607 886 nihil
632 857 691 895 est,
717 855 804 894 quod
827 854 988 895 posterius
1013 858 1109 895 queat
1132 864 1213 889 esse.

311 902 415 942 Supra
440 910 533 941 quem
558 902 640 934 nihil
665 905 724 946 est,
751 903 834 942 quod
863 902 968 935 dicam
993 902 1108 935 celsius
1134 912 1212 944 esse,

308 949 413 981 Extra
438 957 530 989 quem
555 949 636 981 nihii
662 953 721 990 est,
745 950 831 989 quod
857 951 959 982 dicam
985 950 1081 982 latius
1107 959 1186 984 esse.

308 997 409 1030 Omne
434 998 519 1037 quod
546 1000 603 1038 est,
631 1007 710 1038 opus
735 997 822 1029 illius
849 1000 906 1038 esi,
933 996 1023 1030 dedit
1047 998 1192 1031 omnibus
1215 1007 1293 1043 esse,

309 1045 355 1077 Et
375 1045 444 1077 sine
469 1054 530 1085 quo
555 1045 637 1077 nihii
662 1048 720 1087 est,
745 1044 827 1077 nihil
852 1048 907 1078 aut
932 1044 991 1077 fuit
1016 1047 1072 1078 aut
1096 1046 1183 1078 valet
1204 1055 1283 1079 esse.

311 1092 407 1132 Cujus
431 1093 582 1133 maJ'estas
610 1093 781 1133 disponens
807 1095 921 1125 cuncta
944 1101 1042 1133 penes
1067 1102 1111 1135 se,

308 1140 355 1173 Ut
377 1149 539 1180 nunquam
565 1141 679 1184 coepit,
706 1140 753 1173 sic
776 1150 937 1181 nunquam
963 1141 1080 1173 desinit
1105 1150 1183 1175 esse.

309 1188 421 1228 Omne,
446 1189 533 1229 quod
558 1191 617 1231 est,
643 1188 729 1229 quod
754 1191 834 1229 erat,
879 1189 944 1221 uod
968 1189 1038 1230 erit,
1064 1198 1124 1229 par
1146 1189 1223 1221 huie
1246 1191 1357 1231 nequit
1381 1199 1460 1231 esse,

309 1237 444 1270 Praeter
468 1245 561 1276 quem
585 1237 687 1268 solum
711 1235 798 1269 Deus
823 1237 906 1269 alter
930 1245 993 1268 non
1018 1236 1105 1269 valet
1129 1245 1208 1272 esse.

308 1284 455 1324 Namque
478 1284 582 1317 Deum
605 1293 716 1317 verum
741 1293 839 1316 verax
863 1283 946 1317 ratio
971 1286 1067 1325 negat
1091 1293 1169 1326 esse⁷

309 1332 405 1371 Quem
434 1332 527 1365 labor
551 1334 608 1364 aut
630 1341 743 1365 manus
768 1332 904 1364 hominis
928 1332 1083 1371 perduxit
1105 1333 1148 1365 ad
1173 1341 1253 1365 esse.

308 1380 355 1412 At
378 1379 466 1412 Deus
492 1379 702 1421 omnipotens,
731 1380 781 1411 oui
805 1380 910 1412 nullus
932 1379 1026 1412 homo
1054 1380 1144 1412 dedit
1168 1389 1247 1421 esse,

310 1429 411 1461 Immo
436 1428 491 1468 qui
514 1427 635 1460 faciens
661 1427 819 1460 hominem
845 1428 1009 1468 reparavit
1032 1427 1075 1460 ad
1100 1436 1179 1469 esse,

307 1475 372 1508 Hic
395 1483 471 1507 vere
495 1475 583 1508 Deus
609 1478 667 1517 est⁷
694 1479 727 1508 et
749 1484 813 1507 non
838 1475 925 1507 Deus
951 1475 1004 1507 hic
1027 1475 1138 1515 nequit
1163 1485 1242 1516 esse,

307 1523 354 1556 Et
376 1522 464 1556 Deus
486 1524 560 1563 ipse
585 1523 662 1555 deos
686 1531 783 1564 super
807 1531 916 1555 omnes
940 1523 1083 1556 ereditur
1107 1532 1188 1557 esse.

309 1571 424 1603 Totum
449 1573 535 1603 totus
561 1570 692 1611 habens,
718 1570 778 1603 toti
803 1571 872 1603 vult
892 1570 966 1610 jure
989 1579 1149 1613 praeesse,

310 1618 431 1652 Cuncta
457 1618 596 1651 creando
622 1618 693 1660 sibi,
718 1619 787 1651 vult
812 1621 926 1651 cuncta
951 1622 1058 1651 ereata
1082 1619 1222 1652 subesse.

306 1667 406 1699 Totus
431 1666 550 1707 ubique
572 1675 663 1698 suum
688 1676 752 1700 non
776 1667 916 1699 alternat
938 1666 1025 1699 Deus
1052 1675 1131 1708 esse,

309 1715 370 1754 Qui
394 1715 489 1747 modo
514 1724 578 1747 non
603 1715 684 1746 alius
710 1723 803 1755 quam
828 1714 954 1755 pridem
981 1715 1124 1747 creditur
1148 1724 1227 1749 esse.

309 1763 423 1796 Omnia
448 1765 665 1795 transmutans
688 1763 799 1802 nequit
823 1763 876 1795 hic
899 1763 1062 1795 mutabilis
1089 1771 1176 1804 esse;

306 1812 532 1851 Aeternusque
553 1810 640 1843 Deus
666 1811 764 1843 habet
787 1810 994 1843 aeternaliter
1016 1819 1095 1844 esse.

306 1860 367 1899 Qui
392 1868 463 1891 eum
488 1860 532 1891 sit
553 1868 698 1900 magnus,
723 1858 827 1891 minor
852 1861 907 1891 aut
930 1859 1033 1898 major
1056 1859 1168 1899 nequit
1191 1868 1272 1893 esse.

308 1909 346 1941 In
372 1916 434 1949 quo
460 1915 587 1948 semper
612 1911 691 1948 erat,
718 1908 751 1939 in
775 1907 886 1939 eodem
910 1909 1078 1946 permanet
1102 1915 1180 1940 esse.

307 1956 407 1996 Quem
432 1956 526 1988 decet
550 1964 629 1996 esse,
656 1954 741 1996 quod
768 1958 825 1995 est,
852 1954 910 1987 sed
934 1964 998 1987 non
1024 1956 1117 1988 decet
1139 1965 1210 1988 esse
1233 1965 1373 1997 neeesse,

306 2006 407 2038 Immo
431 2013 492 2036 nee
516 2012 595 2045 esse,
621 2012 682 2044 per
705 2004 790 2036 huno
814 2003 915 2036 bonus
940 2004 1042 2036 omnis
1067 2003 1160 2037 homo
1186 2004 1272 2037 valet
1296 2014 1375 2040 esse.

308 2053 380 2086 Non
407 2052 512 2085 aliena
536 2053 653 2085 bonum
677 2051 803 2084 bonitas
827 2052 919 2084 illum
944 2050 1023 2084 facit
1048 2061 1127 2093 esse,

306 2102 359 2134 Ex
382 2101 516 2142 propria
539 2100 683 2134 bonitate
707 2109 764 2133 sua
789 2100 889 2132 scitur
913 2099 1014 2132 bonus
1040 2109 1119 2135 esse.

307 2150 395 2191 Ergo
420 2147 577 2182 factorem
598 2147 726 2181 factura
749 2148 852 2180 Deum
878 2148 960 2180 sciat
984 2157 1063 2191 esse,

307 2198 366 2231 Cui
390 2197 584 2231 mirabiiiter
606 2196 756 2229 mirabile
781 2196 934 2238 competit
958 2205 1037 2230 esse.

308 2246 496 2281 Orthodoxa
520 2245 602 2279 fides
626 2254 780 2287 personas
805 2250 872 2278 tres
896 2244 1015 2284 probat
1039 2253 1109 2278 esse

307 2297 346 2329 In
373 2294 503 2336 deitate,
531 2296 608 2328 deos
633 2294 689 2327 sed
716 2299 782 2328 tres
806 2296 905 2336 negat
927 2292 961 2325 in
986 2293 1089 2327 tribus
1115 2302 1194 2328 esse.

306 2344 471 2386 Ingenitus
495 2343 602 2385 genito
627 2344 774 2384 genitura
799 2343 856 2375 dat
879 2343 967 2376 Deus
992 2351 1071 2384 esse,

306 2393 376 2426 Nec
400 2395 508 2425 tamen
532 2393 585 2425 hic
609 2392 735 2433 genitor
757 2391 872 2424 habuit
894 2391 1001 2432 genito
1023 2390 1113 2432 prius
1139 2400 1221 2428 esse,

307 2442 446 2483 Spiritus
471 2441 573 2474 almus
599 2440 639 2474 ab
664 2440 920 2481 hisprocedens
945 2449 1006 2480 par
1030 2439 1129 2473 habet
1154 2448 1233 2483 esse,
