<?xml version="1.0" encoding="UTF-8"?>
<!DOCTYPE html PUBLIC "-//W3C//DTD XHTML 1.0 Transitional//EN"
    "http://www.w3.org/TR/xhtml1/DTD/xhtml1-transitional.dtd">
<html xmlns="http://www.w3.org/1999/xhtml" xml:lang="en" lang="en">
 <head>
  <title>
</title>
<meta http-equiv="Content-Type" content="text/html;charset=utf-8" />
  <meta name='ocr-system' content='tesseract 3.04.00' />
  <meta name='ocr-capabilities' content='ocr_page ocr_carea ocr_par ocr_line ocrx_word'/>
</head>
<body>
  <div class='ocr_page' id='page_1' title='image "./analectahymnica15drevuoft_00057.png"; bbox 0 0 1653 2668; ppageno 0'>
   <div class='ocr_carea' id='block_1_1' title="bbox 706 153 939 188">
    <p class='ocr_par' dir='ltr' id='par_1_1' title="bbox 706 153 939 188">
     <span class='ocr_line' id='line_1_1' title="bbox 706 153 939 188; baseline -0.004 -8"><span class='ocrx_word' id='word_1_1' title='bbox 706 153 939 188; x_wconf 46' lang='lat'><strong>*54-</strong></span> 
     </span>
    </p>
   </div>
   <div class='ocr_carea' id='block_1_2' title="bbox 386 248 1311 434">
    <p class='ocr_par' dir='ltr' id='par_1_2' title="bbox 386 248 1311 434">
     <span class='ocr_line' id='line_1_2' title="bbox 387 248 1171 291; baseline -0.005 -7"><span class='ocrx_word' id='word_1_2' title='bbox 387 252 490 285; x_wconf 77' lang='lat' dir='ltr'><strong>Natus</strong></span> <span class='ocrx_word' id='word_1_3' title='bbox 514 250 577 284; x_wconf 91' lang='lat' dir='ltr'><strong>Dei</strong></span> <span class='ocrx_word' id='word_1_4' title='bbox 600 250 703 291; x_wconf 86' lang='lat' dir='ltr'><strong>patris</strong></span> <span class='ocrx_word' id='word_1_5' title='bbox 727 253 760 282; x_wconf 86' lang='lat' dir='ltr'><strong>et</strong></span> <span class='ocrx_word' id='word_1_6' title='bbox 783 249 867 282; x_wconf 81' lang='lat' dir='ltr'><strong>filius</strong></span> <span class='ocrx_word' id='word_1_7' title='bbox 891 248 1024 289; x_wconf 84' lang='lat' dir='ltr'><strong>virginis</strong></span> <span class='ocrx_word' id='word_1_8' title='bbox 1048 248 1171 289; x_wconf 88' lang='lat' dir='ltr'><strong>matris,</strong></span> 
     </span>
     <span class='ocr_line' id='line_1_3' title="bbox 391 296 1311 336; baseline -0.004 -4"><span class='ocrx_word' id='word_1_9' title='bbox 391 300 522 333; x_wconf 83' lang='lat' dir='ltr'><strong>Sacrum</strong></span> <span class='ocrx_word' id='word_1_10' title='bbox 547 298 730 330; x_wconf 83' lang='lat' dir='ltr'><strong>alimentum</strong></span> <span class='ocrx_word' id='word_1_11' title='bbox 753 296 1049 336; x_wconf 87' lang='lat' dir='ltr'><strong>nobilissimumque</strong></span> <span class='ocrx_word' id='word_1_12' title='bbox 1069 299 1311 329; x_wconf 81' lang='lat' dir='ltr'><strong>sacramentum.</strong></span> 
     </span>
     <span class='ocr_line' id='line_1_4' title="bbox 391 343 1190 386; baseline -0.006 -6"><span class='ocrx_word' id='word_1_13' title='bbox 391 347 532 381; x_wconf 79' lang='lat' dir='ltr'><strong>obsecra</strong></span> <span class='ocrx_word' id='word_1_14' title='bbox 558 346 681 386; x_wconf 85' lang='lat' dir='ltr'><strong>devote,</strong></span> <span class='ocrx_word' id='word_1_15' title='bbox 705 345 760 377; x_wconf 84' lang='lat' dir='ltr'><strong>hie</strong></span> <span class='ocrx_word' id='word_1_16' title='bbox 784 347 833 377; x_wconf 85' lang='lat' dir='ltr'><strong>est</strong></span> <span class='ocrx_word' id='word_1_17' title='bbox 857 345 942 376; x_wconf 87' lang='lat' dir='ltr'><strong>enim</strong></span> <span class='ocrx_word' id='word_1_18' title='bbox 965 343 1071 376; x_wconf 83' lang='lat' dir='ltr'><strong>hostia</strong></span> <span class='ocrx_word' id='word_1_19' title='bbox 1093 344 1190 384; x_wconf 79' lang='lat' dir='ltr'><strong>vitae,</strong></span> 
     </span>
     <span class='ocr_line' id='line_1_5' title="bbox 386 392 1187 434; baseline -0.001 -7"><span class='ocrx_word' id='word_1_20' title='bbox 386 396 436 427; x_wconf 87' lang='lat' dir='ltr'><strong>Tu</strong></span> <span class='ocrx_word' id='word_1_21' title='bbox 460 395 513 434; x_wconf 87' lang='lat' dir='ltr'><strong>qui</strong></span> <span class='ocrx_word' id='word_1_22' title='bbox 538 393 725 434; x_wconf 77' lang='lat' dir='ltr'><strong>pertransis,</strong></span> <span class='ocrx_word' id='word_1_23' title='bbox 752 400 859 433; x_wconf 86' lang='lat' dir='ltr'><strong>regem</strong></span> <span class='ocrx_word' id='word_1_24' title='bbox 886 400 1042 424; x_wconf 85' lang='lat' dir='ltr'><strong>venerare</strong></span> <span class='ocrx_word' id='word_1_25' title='bbox 1064 392 1187 426; x_wconf 70' lang='lat' dir='ltr'><strong>salutis</strong></span> 
     </span>
    </p>
   </div>
   <div class='ocr_carea' id='block_1_3' title="bbox 246 456 924 489">
    <p class='ocr_par' dir='ltr' id='par_1_3' title="bbox 246 456 924 489">
     <span class='ocr_line' id='line_1_6' title="bbox 246 456 924 489; baseline -0.006 0"><span class='ocrx_word' id='word_1_26' title='bbox 246 461 314 489; x_wconf 76' lang='lat' dir='ltr'><strong>eod.</strong></span> <span class='ocrx_word' id='word_1_27' title='bbox 335 461 430 489; x_wconf 82' lang='lat' dir='ltr'><strong>Palat.</strong></span> <span class='ocrx_word' id='word_1_28' title='bbox 449 460 656 487; x_wconf 81' lang='lat' dir='ltr'><strong>Vindobonen.</strong></span> <span class='ocrx_word' id='word_1_29' title='bbox 675 456 760 487; x_wconf 78' lang='lat'>4781.</span> <span class='ocrx_word' id='word_1_30' title='bbox 782 466 857 486; x_wconf 81' lang='lat' dir='ltr'><strong>saec.</strong></span> <span class='ocrx_word' id='word_1_31' title='bbox 880 456 924 486; x_wconf 88' lang='grc'><strong>15.</strong></span> 
     </span>
    </p>
   </div>
   <div class='ocr_carea' id='block_1_4' title="bbox 611 541 1041 581">
    <p class='ocr_par' dir='ltr' id='par_1_4' title="bbox 611 541 1041 581">
     <span class='ocr_line' id='line_1_7' title="bbox 611 541 1041 581; baseline 0 -8"><span class='ocrx_word' id='word_1_32' title='bbox 611 542 657 573; x_wconf 89' lang='lat'><strong>36.</strong></span> <span class='ocrx_word' id='word_1_33' title='bbox 696 541 741 573; x_wconf 83' lang='lat' dir='ltr'><strong>De</strong></span> <span class='ocrx_word' id='word_1_34' title='bbox 761 541 895 581; x_wconf 82' lang='lat' dir='ltr'><strong>Corpore</strong></span> <span class='ocrx_word' id='word_1_35' title='bbox 915 541 1041 573; x_wconf 83' lang='lat' dir='ltr'><strong>Christi.</strong></span> 
     </span>
    </p>
   </div>
   <div class='ocr_carea' id='block_1_5' title="bbox 392 601 1286 884">
    <p class='ocr_par' dir='ltr' id='par_1_5' title="bbox 392 601 1286 884">
     <span class='ocr_line' id='line_1_8' title="bbox 393 601 1239 646; baseline -0.004 -10"><span class='ocrx_word' id='word_1_36' title='bbox 393 604 474 646; x_wconf 81' lang='lat' dir='ltr'><strong>Ave,</strong></span> <span class='ocrx_word' id='word_1_37' title='bbox 502 612 575 635; x_wconf 83' lang='lat' dir='ltr'><strong>caro</strong></span> <span class='ocrx_word' id='word_1_38' title='bbox 602 602 731 643; x_wconf 81' lang='lat' dir='ltr'><strong>Christi,</strong></span> <span class='ocrx_word' id='word_1_39' title='bbox 758 610 839 643; x_wconf 85' lang='lat' dir='ltr'><strong>quae</strong></span> <span class='ocrx_word' id='word_1_40' title='bbox 860 612 920 644; x_wconf 81' lang='lat' dir='ltr'><strong>pro</strong></span> <span class='ocrx_word' id='word_1_41' title='bbox 942 611 995 635; x_wconf 88' lang='lat' dir='ltr'><strong>me</strong></span> <span class='ocrx_word' id='word_1_42' title='bbox 1019 611 1115 643; x_wconf 88' lang='lat' dir='ltr'><strong>passa</strong></span> <span class='ocrx_word' id='word_1_43' title='bbox 1139 601 1239 643; x_wconf 81' lang='lat' dir='ltr'><strong>fuisti,</strong></span> 
     </span>
     <span class='ocr_line' id='line_1_9' title="bbox 393 651 1286 691; baseline 0 -8"><span class='ocrx_word' id='word_1_44' title='bbox 393 651 511 691; x_wconf 83' lang='lat' dir='ltr'>Meque</span> <span class='ocrx_word' id='word_1_45' title='bbox 534 659 624 682; x_wconf 89' lang='lat' dir='ltr'><strong>reum</strong></span> <span class='ocrx_word' id='word_1_46' title='bbox 647 651 777 690; x_wconf 87' lang='lat' dir='ltr'><strong>munda,</strong></span> <span class='ocrx_word' id='word_1_47' title='bbox 802 651 921 682; x_wconf 87' lang='lat' dir='ltr'><strong>moriar</strong></span> <span class='ocrx_word' id='word_1_48' title='bbox 944 660 986 683; x_wconf 89' lang='lat' dir='ltr'><strong>ne</strong></span> <span class='ocrx_word' id='word_1_49' title='bbox 1008 652 1112 682; x_wconf 85' lang='lat' dir='ltr'><strong>morte</strong></span> <span class='ocrx_word' id='word_1_50' title='bbox 1136 651 1286 684; x_wconf 87' lang='lat' dir='ltr'><strong>secunda.</strong></span> 
     </span>
     <span class='ocr_line' id='line_1_10' title="bbox 395 697 1162 738; baseline 0 -7"><span class='ocrx_word' id='word_1_51' title='bbox 395 699 420 731; x_wconf 96' lang='grc' dir='ltr'>Ο</span> <span class='ocrx_word' id='word_1_52' title='bbox 446 698 537 738; x_wconf 88' lang='lat' dir='ltr'><strong>panis</strong></span> <span class='ocrx_word' id='word_1_53' title='bbox 562 698 645 738; x_wconf 89' lang='lat' dir='ltr'><strong>vive,</strong></span> <span class='ocrx_word' id='word_1_54' title='bbox 669 701 800 738; x_wconf 88' lang='lat' dir='ltr'><strong>praesta</strong></span> <span class='ocrx_word' id='word_1_55' title='bbox 823 698 902 730; x_wconf 87' lang='lat' dir='ltr'><strong>mihi</strong></span> <span class='ocrx_word' id='word_1_56' title='bbox 926 698 1044 738; x_wconf 86' lang='lat' dir='ltr'><strong>gaudia</strong></span> <span class='ocrx_word' id='word_1_57' title='bbox 1067 697 1162 731; x_wconf 87' lang='lat' dir='ltr'><strong>vitae.</strong></span> 
     </span>
     <span class='ocr_line' id='line_1_11' title="bbox 394 745 1267 788; baseline -0.001 -10"><span class='ocrx_word' id='word_1_58' title='bbox 394 745 528 786; x_wconf 82' lang='lat' dir='ltr'><strong>Sanguis</strong></span> <span class='ocrx_word' id='word_1_59' title='bbox 550 753 610 778; x_wconf 87' lang='lat' dir='ltr'><strong>ave</strong></span> <span class='ocrx_word' id='word_1_60' title='bbox 624 745 698 786; x_wconf 88' lang='lat' dir='ltr'><strong>Dei,</strong></span> <span class='ocrx_word' id='word_1_61' title='bbox 724 754 798 786; x_wconf 88' lang='lat' dir='ltr'><strong>spes</strong></span> <span class='ocrx_word' id='word_1_62' title='bbox 822 749 917 786; x_wconf 88' lang='lat' dir='ltr'><strong>atque</strong></span> <span class='ocrx_word' id='word_1_63' title='bbox 942 746 1122 786; x_wconf 77' lang='lat' dir='ltr'>redemptio</span> <span class='ocrx_word' id='word_1_64' title='bbox 1145 745 1267 788; x_wconf 88' lang='lat' dir='ltr'><strong>mundi,</strong></span> 
     </span>
     <span class='ocr_line' id='line_1_12' title="bbox 393 792 1195 835; baseline -0.002 -8"><span class='ocrx_word' id='word_1_65' title='bbox 393 794 456 827; x_wconf 87' lang='lat' dir='ltr'><strong>Per</strong></span> <span class='ocrx_word' id='word_1_66' title='bbox 481 797 514 825; x_wconf 91' lang='lat' dir='ltr'><strong>te</strong></span> <span class='ocrx_word' id='word_1_67' title='bbox 537 794 710 826; x_wconf 88' lang='lat' dir='ltr'><strong>mundetur</strong></span> <span class='ocrx_word' id='word_1_68' title='bbox 735 802 835 834; x_wconf 87' lang='lat' dir='ltr'><strong>mens,</strong></span> <span class='ocrx_word' id='word_1_69' title='bbox 861 802 972 826; x_wconf 89' lang='lat' dir='ltr'><strong>sensns</strong></span> <span class='ocrx_word' id='word_1_70' title='bbox 997 792 1195 835; x_wconf 85' lang='lat' dir='ltr'><strong>purificetur,</strong></span> 
     </span>
     <span class='ocr_line' id='line_1_13' title="bbox 392 841 1191 884; baseline 0.003 -11"><span class='ocrx_word' id='word_1_71' title='bbox 392 841 524 874; x_wconf 80' lang='lat' dir='ltr'><strong>Morbos</strong></span> <span class='ocrx_word' id='word_1_72' title='bbox 549 844 668 882; x_wconf 85' lang='lat' dir='ltr'><strong>averte,</strong></span> <span class='ocrx_word' id='word_1_73' title='bbox 693 844 801 881; x_wconf 86' lang='lat' dir='ltr'><strong>pestes</strong></span> <span class='ocrx_word' id='word_1_74' title='bbox 825 842 920 884; x_wconf 83' lang='lat' dir='ltr'><strong>pelle,</strong></span> <span class='ocrx_word' id='word_1_75' title='bbox 949 842 1082 874; x_wconf 83' lang='lat' dir='ltr'><strong>crimina</strong></span> <span class='ocrx_word' id='word_1_76' title='bbox 1108 842 1191 876; x_wconf 78' lang='lat' dir='ltr'><strong>dele.</strong></span> 
     </span>
    </p>
   </div>
   <div class='ocr_carea' id='block_1_6' title="bbox 241 904 872 943">
    <p class='ocr_par' dir='ltr' id='par_1_6' title="bbox 241 904 872 943">
     <span class='ocr_line' id='line_1_14' title="bbox 241 904 872 943; baseline 0.002 -9"><span class='ocrx_word' id='word_1_77' title='bbox 241 907 311 935; x_wconf 84' lang='lat' dir='ltr'><strong>Cod.</strong></span> <span class='ocrx_word' id='word_1_78' title='bbox 330 915 384 935; x_wconf 90' lang='lat' dir='ltr'><strong>ms.</strong></span> <span class='ocrx_word' id='word_1_79' title='bbox 405 907 642 943; x_wconf 85' lang='lat' dir='ltr'><strong>Ducumburgen.</strong></span> <span class='ocrx_word' id='word_1_80' title='bbox 662 904 710 934; x_wconf 84' lang='lat'><strong>78.</strong></span> <span class='ocrx_word' id='word_1_81' title='bbox 730 916 806 935; x_wconf 86' lang='lat' dir='ltr'><strong>saec.</strong></span> <span class='ocrx_word' id='word_1_82' title='bbox 828 905 872 935; x_wconf 87' lang='grc'><strong>15.</strong></span> 
     </span>
    </p>
   </div>
   <div class='ocr_carea' id='block_1_7' title="bbox 605 990 1031 1031">
    <p class='ocr_par' dir='ltr' id='par_1_7' title="bbox 605 990 1031 1031">
     <span class='ocr_line' id='line_1_15' title="bbox 605 990 1031 1031; baseline 0 -9"><span class='ocrx_word' id='word_1_83' title='bbox 605 990 650 1022; x_wconf 84' lang='grc'><strong>37.</strong></span> <span class='ocrx_word' id='word_1_84' title='bbox 690 990 733 1023; x_wconf 90' lang='lat' dir='ltr'><strong>De</strong></span> <span class='ocrx_word' id='word_1_85' title='bbox 750 990 883 1031; x_wconf 84' lang='lat' dir='ltr'><strong>Corpore</strong></span> <span class='ocrx_word' id='word_1_86' title='bbox 903 990 1031 1023; x_wconf 79' lang='lat' dir='ltr'><strong>Christi.</strong></span> 
     </span>
    </p>
   </div>
   <div class='ocr_carea' id='block_1_8' title="bbox 191 1051 1465 1437">
    <p class='ocr_par' dir='ltr' id='par_1_8' title="bbox 191 1051 1465 1437">
     <span class='ocr_line' id='line_1_16' title="bbox 191 1051 1335 1094; baseline 0.002 -12"><span class='ocrx_word' id='word_1_87' title='bbox 191 1076 197 1082; x_wconf 92' lang='lat'>.</span> <span class='ocrx_word' id='word_1_88' title='bbox 225 1052 304 1092; x_wconf 89' lang='lat' dir='ltr'><strong>Ave,</strong></span> <span class='ocrx_word' id='word_1_89' title='bbox 331 1054 443 1084; x_wconf 83' lang='lat' dir='ltr'><strong>saneta</strong></span> <span class='ocrx_word' id='word_1_90' title='bbox 467 1059 540 1084; x_wconf 82' lang='lat' dir='ltr'><strong>earo</strong></span> <span class='ocrx_word' id='word_1_91' title='bbox 566 1051 695 1094; x_wconf 79' lang='lat' dir='ltr'><strong>Christi,</strong></span> <span class='ocrx_word' id='word_1_92' title='bbox 851 1054 882 1086; x_wconf 86' lang='lat'><strong>3.</strong></span> <span class='ocrx_word' id='word_1_93' title='bbox 908 1053 947 1085; x_wconf 91' lang='lat' dir='ltr'><strong>In</strong></span> <span class='ocrx_word' id='word_1_94' title='bbox 971 1061 1073 1085; x_wconf 89' lang='lat' dir='ltr'><strong>meam</strong></span> <span class='ocrx_word' id='word_1_95' title='bbox 1100 1052 1172 1086; x_wconf 82' lang='lat' dir='ltr'><strong>veni</strong></span> <span class='ocrx_word' id='word_1_96' title='bbox 1197 1053 1335 1092; x_wconf 82' lang='lat' dir='ltr'><strong>aninam,</strong></span> 
     </span>
     <span class='ocr_line' id='line_1_17' title="bbox 224 1099 1465 1143; baseline 0 -12"><span class='ocrx_word' id='word_1_97' title='bbox 224 1100 310 1139; x_wconf 78' lang='lat' dir='ltr'><strong>Quae</strong></span> <span class='ocrx_word' id='word_1_98' title='bbox 336 1108 389 1131; x_wconf 89' lang='lat' dir='ltr'><strong>me</strong></span> <span class='ocrx_word' id='word_1_99' title='bbox 412 1099 466 1139; x_wconf 87' lang='lat' dir='ltr'><strong>pie</strong></span> <span class='ocrx_word' id='word_1_100' title='bbox 488 1099 671 1140; x_wconf 82' lang='lat' dir='ltr'><strong>redemisti3</strong></span> <span class='ocrx_word' id='word_1_101' title='bbox 909 1100 963 1140; x_wconf 88' lang='lat' dir='ltr'><strong>Ut,</strong></span> <span class='ocrx_word' id='word_1_102' title='bbox 990 1110 1084 1141; x_wconf 88' lang='lat' dir='ltr'><strong>quam</strong></span> <span class='ocrx_word' id='word_1_103' title='bbox 1111 1100 1212 1134; x_wconf 84' lang='lat' dir='ltr'><strong>duleis</strong></span> <span class='ocrx_word' id='word_1_104' title='bbox 1237 1101 1292 1141; x_wconf 88' lang='lat' dir='ltr'><strong>sis,</strong></span> <span class='ocrx_word' id='word_1_105' title='bbox 1320 1100 1465 1143; x_wconf 83' lang='lat' dir='ltr'><strong>sentiam,</strong></span> 
     </span>
     <span class='ocr_line' id='line_1_18' title="bbox 224 1147 1440 1189; baseline 0 -10"><span class='ocrx_word' id='word_1_106' title='bbox 224 1149 304 1187; x_wconf 86' lang='lat' dir='ltr'><strong>Ave,</strong></span> <span class='ocrx_word' id='word_1_107' title='bbox 333 1147 434 1179; x_wconf 84' lang='lat' dir='ltr'><strong>duleis</strong></span> <span class='ocrx_word' id='word_1_108' title='bbox 461 1155 533 1179; x_wconf 82' lang='lat' dir='ltr'><strong>caro</strong></span> <span class='ocrx_word' id='word_1_109' title='bbox 559 1148 647 1188; x_wconf 85' lang='lat' dir='ltr'><strong>Jesu,</strong></span> <span class='ocrx_word' id='word_1_110' title='bbox 907 1148 998 1180; x_wconf 88' lang='lat' dir='ltr'><strong>Intra</strong></span> <span class='ocrx_word' id='word_1_111' title='bbox 1023 1149 1166 1189; x_wconf 86' lang='lat' dir='ltr'><strong>gaudens</strong></span> <span class='ocrx_word' id='word_1_112' title='bbox 1190 1148 1223 1181; x_wconf 90' lang='lat' dir='ltr'><strong>in</strong></span> <span class='ocrx_word' id='word_1_113' title='bbox 1249 1157 1304 1180; x_wconf 87' lang='lat' dir='ltr'><strong>eor</strong></span> <span class='ocrx_word' id='word_1_114' title='bbox 1326 1157 1440 1188; x_wconf 88' lang='lat' dir='ltr'><strong>meum,</strong></span> 
     </span>
     <span class='ocr_line' id='line_1_19' title="bbox 225 1194 1440 1229; baseline 0 -1"><span class='ocrx_word' id='word_1_115' title='bbox 225 1194 320 1228; x_wconf 85' lang='lat' dir='ltr'><strong>Salva</strong></span> <span class='ocrx_word' id='word_1_116' title='bbox 344 1204 394 1227; x_wconf 91' lang='lat' dir='ltr'><strong>me</strong></span> <span class='ocrx_word' id='word_1_117' title='bbox 420 1204 439 1227; x_wconf 92' lang='lat' dir='ltr'><strong>a</strong></span> <span class='ocrx_word' id='word_1_118' title='bbox 463 1194 574 1227; x_wconf 85' lang='lat' dir='ltr'><strong>mortis</strong></span> <span class='ocrx_word' id='word_1_119' title='bbox 600 1204 665 1228; x_wconf 91' lang='lat' dir='ltr'><strong>esu.</strong></span> <span class='ocrx_word' id='word_1_120' title='bbox 912 1196 960 1229; x_wconf 89' lang='lat' dir='ltr'><strong>Ut</strong></span> <span class='ocrx_word' id='word_1_121' title='bbox 983 1199 1015 1228; x_wconf 88' lang='lat' dir='ltr'><strong>te</strong></span> <span class='ocrx_word' id='word_1_122' title='bbox 1038 1197 1167 1229; x_wconf 87' lang='lat' dir='ltr'><strong>laudem</strong></span> <span class='ocrx_word' id='word_1_123' title='bbox 1192 1205 1302 1229; x_wconf 89' lang='lat' dir='ltr'><strong>verum</strong></span> <span class='ocrx_word' id='word_1_124' title='bbox 1327 1195 1440 1229; x_wconf 88' lang='lat' dir='ltr'><strong>Deum.</strong></span> 
     </span>
     <span class='ocr_line' id='line_1_20' title="bbox 192 1252 1273 1295; baseline -0.002 -8"><span class='ocrx_word' id='word_1_125' title='bbox 192 1280 198 1287; x_wconf 95' lang='lat'><em>.</em></span> <span class='ocrx_word' id='word_1_126' title='bbox 224 1254 305 1293; x_wconf 87' lang='lat' dir='ltr'><strong>Ave,</strong></span> <span class='ocrx_word' id='word_1_127' title='bbox 332 1261 442 1285; x_wconf 88' lang='lat' dir='ltr'><strong>verum</strong></span> <span class='ocrx_word' id='word_1_128' title='bbox 467 1260 581 1292; x_wconf 88' lang='lat' dir='ltr'><strong>corpus</strong></span> <span class='ocrx_word' id='word_1_129' title='bbox 606 1252 678 1295; x_wconf 87' lang='lat' dir='ltr'><strong>Dei,</strong></span> <span class='ocrx_word' id='word_1_130' title='bbox 853 1254 884 1285; x_wconf 83' lang='lat'><strong>4.</strong></span> <span class='ocrx_word' id='word_1_131' title='bbox 910 1252 1049 1285; x_wconf 78' lang='lat' dir='ltr'>Peccata</span> <span class='ocrx_word' id='word_1_132' title='bbox 1072 1262 1143 1285; x_wconf 90' lang='lat' dir='ltr'><strong>mea</strong></span> <span class='ocrx_word' id='word_1_133' title='bbox 1166 1253 1273 1285; x_wconf 87' lang='lat' dir='ltr'><strong>deleas</strong></span> 
     </span>
     <span class='ocr_line' id='line_1_21' title="bbox 224 1300 1356 1343; baseline 0.001 -10"><span class='ocrx_word' id='word_1_134' title='bbox 224 1300 383 1333; x_wconf 83' lang='lat' dir='ltr'><strong>Miserere</strong></span> <span class='ocrx_word' id='word_1_135' title='bbox 407 1309 523 1340; x_wconf 83' lang='lat' dir='ltr'><strong>quaeso</strong></span> <span class='ocrx_word' id='word_1_136' title='bbox 548 1300 622 1340; x_wconf 91' lang='lat' dir='ltr'><strong>mei,</strong></span> <span class='ocrx_word' id='word_1_137' title='bbox 911 1300 957 1332; x_wconf 87' lang='lat' dir='ltr'><strong>Et</strong></span> <span class='ocrx_word' id='word_1_138' title='bbox 978 1310 1030 1332; x_wconf 92' lang='lat' dir='ltr'><strong>me</strong></span> <span class='ocrx_word' id='word_1_139' title='bbox 1054 1303 1156 1333; x_wconf 87' lang='lat' dir='ltr'><strong>totum</strong></span> <span class='ocrx_word' id='word_1_140' title='bbox 1180 1301 1356 1343; x_wconf 84' lang='lat' dir='ltr'><strong>possideas,</strong></span> 
     </span>
     <span class='ocr_line' id='line_1_22' title="bbox 223 1347 1279 1389; baseline 0 -8"><span class='ocrx_word' id='word_1_141' title='bbox 223 1347 335 1381; x_wconf 85' lang='lat' dir='ltr'><strong>Dulcis</strong></span> <span class='ocrx_word' id='word_1_142' title='bbox 362 1357 434 1380; x_wconf 83' lang='lat' dir='ltr'><strong>caro</strong></span> <span class='ocrx_word' id='word_1_143' title='bbox 461 1350 493 1379; x_wconf 88' lang='lat' dir='ltr'><strong>et</strong></span> <span class='ocrx_word' id='word_1_144' title='bbox 516 1348 621 1379; x_wconf 86' lang='lat' dir='ltr'><strong>suavis</strong></span> <span class='ocrx_word' id='word_1_145' title='bbox 911 1348 1017 1389; x_wconf 85' lang='lat' dir='ltr'><strong>Purga</strong></span> <span class='ocrx_word' id='word_1_146' title='bbox 1040 1357 1111 1381; x_wconf 89' lang='lat' dir='ltr'><strong>mea</strong></span> <span class='ocrx_word' id='word_1_147' title='bbox 1135 1348 1279 1381; x_wconf 84' lang='lat' dir='ltr'><strong>facinora</strong></span> 
     </span>
     <span class='ocr_line' id='line_1_23' title="bbox 224 1395 1371 1437; baseline 0.002 -10"><span class='ocrx_word' id='word_1_148' title='bbox 224 1396 361 1428; x_wconf 85' lang='lat' dir='ltr'><strong>Animae</strong></span> <span class='ocrx_word' id='word_1_149' title='bbox 387 1404 476 1427; x_wconf 91' lang='lat' dir='ltr'><strong>meae</strong></span> <span class='ocrx_word' id='word_1_150' title='bbox 501 1404 623 1427; x_wconf 87' lang='lat' dir='ltr'><strong>summa</strong></span> <span class='ocrx_word' id='word_1_151' title='bbox 647 1395 707 1428; x_wconf 81' lang='lat' dir='ltr'><strong>vis,</strong></span> <span class='ocrx_word' id='word_1_152' title='bbox 910 1395 956 1427; x_wconf 87' lang='lat' dir='ltr'><strong>Et</strong></span> <span class='ocrx_word' id='word_1_153' title='bbox 980 1399 1123 1429; x_wconf 81' lang='lat' dir='ltr'><strong>extrema</strong></span> <span class='ocrx_word' id='word_1_154' title='bbox 1146 1397 1258 1430; x_wconf 82' lang='lat' dir='ltr'><strong>mortis</strong></span> <span class='ocrx_word' id='word_1_155' title='bbox 1281 1397 1371 1437; x_wconf 87' lang='lat' dir='ltr'><strong>hora,</strong></span> 
     </span>
    </p>
   </div>
   <div class='ocr_carea' id='block_1_9' title="bbox 587 1452 1063 1541">
    <p class='ocr_par' dir='ltr' id='par_1_9' title="bbox 587 1452 1063 1541">
     <span class='ocr_line' id='line_1_24' title="bbox 590 1452 1063 1494; baseline 0.004 -10"><span class='ocrx_word' id='word_1_156' title='bbox 590 1452 647 1485; x_wconf 81' lang='lat' dir='ltr'><strong>Me</strong></span> <span class='ocrx_word' id='word_1_157' title='bbox 669 1453 829 1493; x_wconf 83' lang='lat' dir='ltr'><strong>perducas</strong></span> <span class='ocrx_word' id='word_1_158' title='bbox 853 1453 896 1485; x_wconf 81' lang='lat' dir='ltr'><strong>ad</strong></span> <span class='ocrx_word' id='word_1_159' title='bbox 919 1453 1063 1494; x_wconf 83' lang='lat' dir='ltr'><strong>gloriam,</strong></span> 
     </span>
     <span class='ocr_line' id='line_1_25' title="bbox 587 1501 1003 1541; baseline 0 -7"><span class='ocrx_word' id='word_1_160' title='bbox 587 1501 636 1535; x_wconf 87' lang='lat' dir='ltr'><strong>Ut</strong></span> <span class='ocrx_word' id='word_1_161' title='bbox 658 1503 692 1532; x_wconf 91' lang='lat' dir='ltr'><strong>te</strong></span> <span class='ocrx_word' id='word_1_162' title='bbox 716 1509 843 1541; x_wconf 89' lang='lat' dir='ltr'><strong>semper</strong></span> <span class='ocrx_word' id='word_1_163' title='bbox 866 1501 1003 1534; x_wconf 82' lang='lat' dir='ltr'><strong>videam.</strong></span> 
     </span>
    </p>
   </div>
   <div class='ocr_carea' id='block_1_10' title="bbox 241 1564 1091 1603">
    <p class='ocr_par' dir='ltr' id='par_1_10' title="bbox 241 1564 1091 1603">
     <span class='ocr_line' id='line_1_26' title="bbox 241 1564 1091 1603; baseline 0.001 -9"><span class='ocrx_word' id='word_1_164' title='bbox 241 1566 329 1594; x_wconf 75' lang='lat' dir='ltr'><strong>Scala</strong></span> <span class='ocrx_word' id='word_1_165' title='bbox 348 1567 424 1594; x_wconf 82' lang='lat' dir='ltr'><strong>coeli</strong></span> <span class='ocrx_word' id='word_1_166' title='bbox 444 1574 520 1594; x_wconf 82' lang='lat' dir='ltr'><strong>saec.</strong></span> <span class='ocrx_word' id='word_1_167' title='bbox 542 1564 586 1593; x_wconf 88' lang='grc'><strong>14.</strong></span> <span class='ocrx_word' id='word_1_168' title='bbox 608 1575 652 1594; x_wconf 86' lang='lat' dir='ltr'><strong>ex.</strong></span> <span class='ocrx_word' id='word_1_169' title='bbox 687 1565 756 1594; x_wconf 83' lang='lat' dir='ltr'><strong>Cod.</strong></span> <span class='ocrx_word' id='word_1_170' title='bbox 776 1566 902 1603; x_wconf 76' lang='lat' dir='ltr'><strong>Pragen.</strong></span> <span class='ocrx_word' id='word_1_171' title='bbox 921 1567 997 1595; x_wconf 79' lang='lat' dir='ltr'><strong>xm</strong></span> <span class='ocrx_word' id='word_1_172' title='bbox 1016 1567 1043 1595; x_wconf 82' lang='lat' dir='ltr'>E</span> <span class='ocrx_word' id='word_1_173' title='bbox 1064 1564 1091 1595; x_wconf 86' lang='lat'><strong>3.</strong></span> 
     </span>
    </p>
   </div>
   <div class='ocr_carea' id='block_1_11' title="bbox 601 1649 1035 1690">
    <p class='ocr_par' dir='ltr' id='par_1_11' title="bbox 601 1649 1035 1690">
     <span class='ocr_line' id='line_1_27' title="bbox 601 1649 1035 1690; baseline -0.005 -9"><span class='ocrx_word' id='word_1_174' title='bbox 601 1649 649 1681; x_wconf 86' lang='lat'><strong>38.</strong></span> <span class='ocrx_word' id='word_1_175' title='bbox 688 1649 733 1681; x_wconf 90' lang='lat' dir='ltr'><strong>De</strong></span> <span class='ocrx_word' id='word_1_176' title='bbox 754 1649 887 1690; x_wconf 80' lang='lat' dir='ltr'><strong>Corpore</strong></span> <span class='ocrx_word' id='word_1_177' title='bbox 909 1650 1035 1682; x_wconf 82' lang='lat' dir='ltr'><strong>Christi.</strong></span> 
     </span>
    </p>
   </div>
   <div class='ocr_carea' id='block_1_12' title="bbox 165 1709 1445 2456">
    <p class='ocr_par' dir='ltr' id='par_1_12' title="bbox 190 1709 1402 1895">
     <span class='ocr_line' id='line_1_28' title="bbox 190 1709 1339 1755; baseline -0.002 -10"><span class='ocrx_word' id='word_1_178' title='bbox 190 1739 196 1745; x_wconf 92' lang='lat'>.</span> <span class='ocrx_word' id='word_1_179' title='bbox 219 1712 300 1753; x_wconf 88' lang='lat' dir='ltr'><strong>Ave,</strong></span> <span class='ocrx_word' id='word_1_180' title='bbox 326 1711 401 1743; x_wconf 90' lang='lat' dir='ltr'><strong>viva</strong></span> <span class='ocrx_word' id='word_1_181' title='bbox 423 1719 496 1743; x_wconf 85' lang='lat' dir='ltr'><strong>caro</strong></span> <span class='ocrx_word' id='word_1_182' title='bbox 523 1709 651 1751; x_wconf 76' lang='lat' dir='ltr'><strong>Christi,</strong></span> <span class='ocrx_word' id='word_1_183' title='bbox 853 1713 884 1745; x_wconf 85' lang='lat'><strong>5.</strong></span> <span class='ocrx_word' id='word_1_184' title='bbox 908 1711 981 1754; x_wconf 81' lang='lat' dir='ltr'><strong>Eja,</strong></span> <span class='ocrx_word' id='word_1_185' title='bbox 1008 1711 1088 1743; x_wconf 79' lang='lat' dir='ltr'><strong>coeli</strong></span> <span class='ocrx_word' id='word_1_186' title='bbox 1112 1720 1165 1743; x_wconf 86' lang='lat' dir='ltr'><strong>ros</strong></span> <span class='ocrx_word' id='word_1_187' title='bbox 1191 1714 1223 1743; x_wconf 86' lang='lat' dir='ltr'><strong>et</strong></span> <span class='ocrx_word' id='word_1_188' title='bbox 1242 1711 1339 1755; x_wconf 87' lang='lat' dir='ltr'><strong>unda,</strong></span> 
     </span>
     <span class='ocr_line' id='line_1_29' title="bbox 224 1758 1340 1800; baseline 0 -9"><span class='ocrx_word' id='word_1_189' title='bbox 224 1760 311 1798; x_wconf 78' lang='lat' dir='ltr'><strong>Quae</strong></span> <span class='ocrx_word' id='word_1_190' title='bbox 335 1758 369 1791; x_wconf 89' lang='lat' dir='ltr'><strong>in</strong></span> <span class='ocrx_word' id='word_1_191' title='bbox 392 1767 508 1799; x_wconf 85' lang='lat' dir='ltr'><strong>panem</strong></span> <span class='ocrx_word' id='word_1_192' title='bbox 532 1761 565 1789; x_wconf 86' lang='lat' dir='ltr'><strong>te</strong></span> <span class='ocrx_word' id='word_1_193' title='bbox 589 1758 733 1800; x_wconf 77' lang='lat' dir='ltr'><strong>sanxisti,</strong></span> <span class='ocrx_word' id='word_1_194' title='bbox 911 1759 1017 1792; x_wconf 82' lang='lat' dir='ltr'><strong>Corda</strong></span> <span class='ocrx_word' id='word_1_195' title='bbox 1040 1762 1150 1791; x_wconf 87' lang='lat' dir='ltr'><strong>nostra</strong></span> <span class='ocrx_word' id='word_1_196' title='bbox 1175 1759 1340 1791; x_wconf 82' lang='lat' dir='ltr'><strong>sitibunda</strong></span> 
     </span>
     <span class='ocr_line' id='line_1_30' title="bbox 222 1805 1349 1847; baseline 0 -8"><span class='ocrx_word' id='word_1_197' title='bbox 222 1806 323 1839; x_wconf 79' lang='lat' dir='ltr'><strong>Nobis</strong></span> <span class='ocrx_word' id='word_1_198' title='bbox 350 1806 454 1838; x_wconf 84' lang='lat' dir='ltr'><strong>eibum</strong></span> <span class='ocrx_word' id='word_1_199' title='bbox 477 1810 511 1838; x_wconf 91' lang='lat' dir='ltr'><strong>te</strong></span> <span class='ocrx_word' id='word_1_200' title='bbox 537 1805 665 1847; x_wconf 87' lang='lat' dir='ltr'><strong>dedisti,</strong></span> <span class='ocrx_word' id='word_1_201' title='bbox 908 1807 1003 1846; x_wconf 88' lang='lat' dir='ltr'><strong>Aqua</strong></span> <span class='ocrx_word' id='word_1_202' title='bbox 1024 1806 1110 1839; x_wconf 86' lang='lat' dir='ltr'><strong>vitae</strong></span> <span class='ocrx_word' id='word_1_203' title='bbox 1135 1805 1187 1838; x_wconf 86' lang='lat' dir='ltr'><strong>fae</strong></span> <span class='ocrx_word' id='word_1_204' title='bbox 1209 1806 1349 1840; x_wconf 80' lang='lat' dir='ltr'><strong>fecunda</strong></span> 
     </span>
     <span class='ocr_line' id='line_1_31' title="bbox 222 1853 1402 1895; baseline 0.001 -8"><span class='ocrx_word' id='word_1_205' title='bbox 222 1855 319 1888; x_wconf 83' lang='lat' dir='ltr'><strong>Salva</strong></span> <span class='ocrx_word' id='word_1_206' title='bbox 340 1864 408 1894; x_wconf 89' lang='lat' dir='ltr'><strong>nos,</strong></span> <span class='ocrx_word' id='word_1_207' title='bbox 435 1863 512 1894; x_wconf 87' lang='lat' dir='ltr'><strong>quos</strong></span> <span class='ocrx_word' id='word_1_208' title='bbox 537 1854 585 1885; x_wconf 83' lang='lat' dir='ltr'><strong>sie</strong></span> <span class='ocrx_word' id='word_1_209' title='bbox 607 1854 736 1895; x_wconf 80' lang='lat' dir='ltr'><strong>pavisti.</strong></span> <span class='ocrx_word' id='word_1_210' title='bbox 905 1853 950 1886; x_wconf 87' lang='lat' dir='ltr'><strong>Et</strong></span> <span class='ocrx_word' id='word_1_211' title='bbox 975 1854 1014 1886; x_wconf 89' lang='lat' dir='ltr'><strong>ab</strong></span> <span class='ocrx_word' id='word_1_212' title='bbox 1041 1854 1126 1886; x_wconf 89' lang='lat' dir='ltr'><strong>omni</strong></span> <span class='ocrx_word' id='word_1_213' title='bbox 1151 1856 1248 1888; x_wconf 89' lang='lat' dir='ltr'><strong>sorde</strong></span> <span class='ocrx_word' id='word_1_214' title='bbox 1271 1856 1402 1888; x_wconf 86' lang='lat' dir='ltr'><strong>munda.</strong></span> 
     </span>
    </p>

    <p class='ocr_par' dir='ltr' id='par_1_13' title="bbox 189 1910 1384 2097">
     <span class='ocr_line' id='line_1_32' title="bbox 189 1910 1361 1953; baseline 0 -8"><span class='ocrx_word' id='word_1_215' title='bbox 189 1938 196 1945; x_wconf 92' lang='lat'>.</span> <span class='ocrx_word' id='word_1_216' title='bbox 222 1912 295 1952; x_wconf 74' lang='lat' dir='ltr'><strong>Eia,</strong></span> <span class='ocrx_word' id='word_1_217' title='bbox 321 1920 438 1944; x_wconf 86' lang='lat' dir='ltr'><strong>manna</strong></span> <span class='ocrx_word' id='word_1_218' title='bbox 461 1911 655 1952; x_wconf 85' lang='lat' dir='ltr'><strong>angelorum,</strong></span> <span class='ocrx_word' id='word_1_219' title='bbox 850 1912 883 1945; x_wconf 82' lang='grc'><strong>6.</strong></span> <span class='ocrx_word' id='word_1_220' title='bbox 910 1911 935 1944; x_wconf 95' lang='lat' dir='ltr'>O</span> <span class='ocrx_word' id='word_1_221' title='bbox 960 1910 1032 1944; x_wconf 87' lang='lat' dir='ltr'><strong>fons</strong></span> <span class='ocrx_word' id='word_1_222' title='bbox 1057 1920 1198 1944; x_wconf 87' lang='lat' dir='ltr'><strong>summae</strong></span> <span class='ocrx_word' id='word_1_223' title='bbox 1221 1913 1361 1953; x_wconf 85' lang='lat' dir='ltr'><strong>pietatis,</strong></span> 
     </span>
     <span class='ocr_line' id='line_1_33' title="bbox 223 1958 1305 2001; baseline -0.001 -8"><span class='ocrx_word' id='word_1_224' title='bbox 223 1960 317 1994; x_wconf 82' lang='lat' dir='ltr'><strong>Vitae</strong></span> <span class='ocrx_word' id='word_1_225' title='bbox 342 1969 415 1992; x_wconf 82' lang='lat' dir='ltr'><strong>esca</strong></span> <span class='ocrx_word' id='word_1_226' title='bbox 438 1959 680 2000; x_wconf 88' lang='lat' dir='ltr'><strong>mundanorum,</strong></span> <span class='ocrx_word' id='word_1_227' title='bbox 911 1958 1039 1991; x_wconf 80' lang='lat' dir='ltr'><strong>Sitienti</strong></span> <span class='ocrx_word' id='word_1_228' title='bbox 1061 1960 1182 1999; x_wconf 89' lang='lat' dir='ltr'><strong>praebe</strong></span> <span class='ocrx_word' id='word_1_229' title='bbox 1205 1960 1305 2001; x_wconf 84' lang='lat' dir='ltr'><strong>gratis</strong></span> 
     </span>
     <span class='ocr_line' id='line_1_34' title="bbox 222 2006 1299 2051; baseline -0.001 -10"><span class='ocrx_word' id='word_1_230' title='bbox 222 2010 324 2042; x_wconf 85' lang='lat' dir='ltr'><strong>Pasce</strong></span> <span class='ocrx_word' id='word_1_231' title='bbox 347 2017 405 2040; x_wconf 90' lang='lat' dir='ltr'><strong>nos</strong></span> <span class='ocrx_word' id='word_1_232' title='bbox 430 2006 569 2039; x_wconf 86' lang='lat' dir='ltr'><strong>fomento</strong></span> <span class='ocrx_word' id='word_1_233' title='bbox 594 2016 726 2049; x_wconf 86' lang='lat' dir='ltr'><strong>morum,</strong></span> <span class='ocrx_word' id='word_1_234' title='bbox 908 2007 1023 2039; x_wconf 88' lang='lat' dir='ltr'><strong>Potum</strong></span> <span class='ocrx_word' id='word_1_235' title='bbox 1048 2010 1121 2040; x_wconf 89' lang='lat' dir='ltr'><strong>tuae</strong></span> <span class='ocrx_word' id='word_1_236' title='bbox 1145 2008 1299 2051; x_wconf 80' lang='lat' dir='ltr'><strong>caritatis,</strong></span> 
     </span>
     <span class='ocr_line' id='line_1_35' title="bbox 222 2054 1384 2097; baseline -0.001 -8"><span class='ocrx_word' id='word_1_237' title='bbox 222 2057 312 2089; x_wconf 84' lang='lat' dir='ltr'><strong>Labe</strong></span> <span class='ocrx_word' id='word_1_238' title='bbox 335 2056 430 2097; x_wconf 85' lang='lat' dir='ltr'><strong>pulsa</strong></span> <span class='ocrx_word' id='word_1_239' title='bbox 453 2055 612 2088; x_wconf 85' lang='lat' dir='ltr'><strong>vitiorum.</strong></span> <span class='ocrx_word' id='word_1_240' title='bbox 908 2054 968 2093; x_wconf 83' lang='lat' dir='ltr'><strong>Qui</strong></span> <span class='ocrx_word' id='word_1_241' title='bbox 994 2055 1165 2097; x_wconf 80' lang='lat' dir='ltr'><strong>conjungat</strong></span> <span class='ocrx_word' id='word_1_242' title='bbox 1187 2065 1245 2089; x_wconf 87' lang='lat' dir='ltr'><strong>nos</strong></span> <span class='ocrx_word' id='word_1_243' title='bbox 1271 2057 1384 2090; x_wconf 86' lang='lat' dir='ltr'><strong>beatis.</strong></span> 
     </span>
    </p>

    <p class='ocr_par' dir='ltr' id='par_1_14' title="bbox 165 2112 1346 2298">
     <span class='ocr_line' id='line_1_36' title="bbox 165 2112 1287 2156; baseline -0.001 -9"><span class='ocrx_word' id='word_1_244' title='bbox 165 2118 194 2146; x_wconf 86' lang='lat'><strong>¹.</strong></span> <span class='ocrx_word' id='word_1_245' title='bbox 222 2115 247 2147; x_wconf 96' lang='grc' dir='ltr'>Ο</span> <span class='ocrx_word' id='word_1_246' title='bbox 273 2118 309 2146; x_wconf 89' lang='lat' dir='ltr'><strong>tu</strong></span> <span class='ocrx_word' id='word_1_247' title='bbox 332 2113 465 2146; x_wconf 80' lang='lat' dir='ltr'><strong>verbum</strong></span> <span class='ocrx_word' id='word_1_248' title='bbox 489 2113 700 2153; x_wconf 85' lang='lat' dir='ltr'><strong>incarnatum,</strong></span> <span class='ocrx_word' id='word_1_249' title='bbox 850 2114 881 2147; x_wconf 82' lang='lat'><strong>7.</strong></span> <span class='ocrx_word' id='word_1_250' title='bbox 906 2113 988 2154; x_wconf 83' lang='lat' dir='ltr'><strong>Ave,</strong></span> <span class='ocrx_word' id='word_1_251' title='bbox 1014 2114 1035 2147; x_wconf 85' lang='lat' dir='ltr'><strong>J</strong></span> <span class='ocrx_word' id='word_1_252' title='bbox 1037 2121 1093 2146; x_wconf 90' lang='lat' dir='ltr'><strong>esu</strong></span> <span class='ocrx_word' id='word_1_253' title='bbox 1116 2112 1287 2156; x_wconf 85' lang='lat' dir='ltr'><strong>flagellate,</strong></span> 
     </span>
     <span class='ocr_line' id='line_1_37' title="bbox 222 2160 1346 2205; baseline 0 -10"><span class='ocrx_word' id='word_1_254' title='bbox 222 2163 274 2195; x_wconf 83' lang='lat' dir='ltr'><strong>Ex</strong></span> <span class='ocrx_word' id='word_1_255' title='bbox 298 2161 406 2195; x_wconf 86' lang='lat' dir='ltr'><strong>Maria</strong></span> <span class='ocrx_word' id='word_1_256' title='bbox 429 2163 532 2194; x_wconf 81' lang='lat' dir='ltr'><strong>matre</strong></span> <span class='ocrx_word' id='word_1_257' title='bbox 555 2164 665 2205; x_wconf 71' lang='lat' dir='ltr'><strong>natum</strong></span> <span class='ocrx_word' id='word_1_258' title='bbox 908 2160 1026 2201; x_wconf 91' lang='lat' dir='ltr'><strong>Spinis,</strong></span> <span class='ocrx_word' id='word_1_259' title='bbox 1051 2161 1145 2194; x_wconf 86' lang='lat' dir='ltr'><strong>hasta</strong></span> <span class='ocrx_word' id='word_1_260' title='bbox 1168 2163 1346 2205; x_wconf 86' lang='lat' dir='ltr'><strong>vulnerate,</strong></span> 
     </span>
     <span class='ocr_line' id='line_1_38' title="bbox 220 2208 1306 2253; baseline 0 -10"><span class='ocrx_word' id='word_1_261' title='bbox 220 2211 266 2244; x_wconf 84' lang='lat' dir='ltr'><strong>Et</strong></span> <span class='ocrx_word' id='word_1_262' title='bbox 289 2219 348 2250; x_wconf 89' lang='lat' dir='ltr'><strong>pro</strong></span> <span class='ocrx_word' id='word_1_263' title='bbox 373 2209 465 2242; x_wconf 88' lang='lat' dir='ltr'><strong>nobis</strong></span> <span class='ocrx_word' id='word_1_264' title='bbox 488 2208 694 2251; x_wconf 81' lang='lat' dir='ltr'><strong>immolatum,</strong></span> <span class='ocrx_word' id='word_1_265' title='bbox 908 2208 1075 2250; x_wconf 77' lang='lat' dir='ltr'><strong>Crucifixe‚</strong></span> <span class='ocrx_word' id='word_1_266' title='bbox 1101 2210 1197 2242; x_wconf 87' lang='lat' dir='ltr'><strong>morti</strong></span> <span class='ocrx_word' id='word_1_267' title='bbox 1222 2211 1306 2253; x_wconf 86' lang='lat' dir='ltr'><strong>date,</strong></span> 
     </span>
     <span class='ocr_line' id='line_1_39' title="bbox 221 2256 1345 2298; baseline 0.001 -7"><span class='ocrx_word' id='word_1_268' title='bbox 221 2259 375 2291; x_wconf 84' lang='lat' dir='ltr'><strong>Nostrum</strong></span> <span class='ocrx_word' id='word_1_269' title='bbox 398 2266 474 2298; x_wconf 85' lang='lat' dir='ltr'><strong>rege</strong></span> <span class='ocrx_word' id='word_1_270' title='bbox 497 2257 584 2290; x_wconf 85' lang='lat' dir='ltr'><strong>vitae</strong></span> <span class='ocrx_word' id='word_1_271' title='bbox 608 2259 736 2292; x_wconf 82' lang='lat' dir='ltr'><strong>statum.</strong></span> <span class='ocrx_word' id='word_1_272' title='bbox 909 2256 963 2289; x_wconf 80' lang='lat' dir='ltr'><strong>Sic</strong></span> <span class='ocrx_word' id='word_1_273' title='bbox 987 2258 1102 2290; x_wconf 82' lang='lat' dir='ltr'><strong>salvati</strong></span> <span class='ocrx_word' id='word_1_274' title='bbox 1127 2267 1234 2291; x_wconf 90' lang='lat' dir='ltr'><strong>sumus</strong></span> <span class='ocrx_word' id='word_1_275' title='bbox 1259 2268 1279 2291; x_wconf 83' lang='lat' dir='ltr'><strong>a</strong></span> <span class='ocrx_word' id='word_1_276' title='bbox 1302 2261 1345 2293; x_wconf 85' lang='lat' dir='ltr'><strong>te.</strong></span> 
     </span>
    </p>

    <p class='ocr_par' dir='ltr' id='par_1_15' title="bbox 188 2313 1445 2456">
     <span class='ocr_line' id='line_1_40' title="bbox 188 2313 1334 2357; baseline -0.001 -7"><span class='ocrx_word' id='word_1_277' title='bbox 188 2342 196 2350; x_wconf 87' lang='lat'><strong>.</strong></span> <span class='ocrx_word' id='word_1_278' title='bbox 219 2318 300 2357; x_wconf 81' lang='lat' dir='ltr'><strong>Ave,</strong></span> <span class='ocrx_word' id='word_1_279' title='bbox 327 2316 455 2357; x_wconf 81' lang='lat' dir='ltr'><strong>sanguis</strong></span> <span class='ocrx_word' id='word_1_280' title='bbox 480 2324 556 2348; x_wconf 85' lang='lat' dir='ltr'><strong>vere</strong></span> <span class='ocrx_word' id='word_1_281' title='bbox 582 2314 710 2355; x_wconf 82' lang='lat' dir='ltr'><strong>Christi,</strong></span> <span class='ocrx_word' id='word_1_282' title='bbox 850 2316 882 2348; x_wconf 89' lang='lat'><strong>8.</strong></span> <span class='ocrx_word' id='word_1_283' title='bbox 907 2314 962 2347; x_wconf 81' lang='lat' dir='ltr'><strong>Ad</strong></span> <span class='ocrx_word' id='word_1_284' title='bbox 986 2313 1115 2348; x_wconf 84' lang='lat' dir='ltr'><strong>inferna</strong></span> <span class='ocrx_word' id='word_1_285' title='bbox 1139 2316 1334 2350; x_wconf 82' lang='lat' dir='ltr'><strong>descendisti</strong></span> 
     </span>
     <span class='ocr_line' id='line_1_41' title="bbox 221 2362 1333 2406; baseline 0 -10"><span class='ocrx_word' id='word_1_286' title='bbox 221 2364 282 2406; x_wconf 81' lang='lat' dir='ltr'><strong>Qui</strong></span> <span class='ocrx_word' id='word_1_287' title='bbox 307 2363 347 2396; x_wconf 83' lang='lat' dir='ltr'><strong>de</strong></span> <span class='ocrx_word' id='word_1_288' title='bbox 367 2365 441 2404; x_wconf 85' lang='lat' dir='ltr'><strong>ipso</strong></span> <span class='ocrx_word' id='word_1_289' title='bbox 468 2362 621 2398; x_wconf 79' lang='lat' dir='ltr'><strong>effiuxisti</strong></span> <span class='ocrx_word' id='word_1_290' title='bbox 906 2363 951 2395; x_wconf 82' lang='lat' dir='ltr'><strong>Et</strong></span> <span class='ocrx_word' id='word_1_291' title='bbox 974 2372 1032 2395; x_wconf 92' lang='lat' dir='ltr'><strong>nos</strong></span> <span class='ocrx_word' id='word_1_292' title='bbox 1057 2363 1134 2397; x_wconf 88' lang='lat' dir='ltr'><strong>inde</strong></span> <span class='ocrx_word' id='word_1_293' title='bbox 1158 2364 1333 2405; x_wconf 88' lang='lat' dir='ltr'><strong>redemisti,</strong></span> 
     </span>
     <span class='ocr_line' id='line_1_42' title="bbox 220 2410 1445 2456; baseline 0 -11"><span class='ocrx_word' id='word_1_294' title='bbox 220 2413 267 2446; x_wconf 88' lang='lat' dir='ltr'><strong>Et</strong></span> <span class='ocrx_word' id='word_1_295' title='bbox 289 2422 309 2445; x_wconf 90' lang='lat' dir='ltr'><strong>a</strong></span> <span class='ocrx_word' id='word_1_296' title='bbox 331 2412 433 2452; x_wconf 81' lang='lat' dir='ltr'><strong>culpis</strong></span> <span class='ocrx_word' id='word_1_297' title='bbox 457 2421 515 2445; x_wconf 90' lang='lat' dir='ltr'><strong>nos</strong></span> <span class='ocrx_word' id='word_1_298' title='bbox 539 2412 659 2453; x_wconf 78' lang='lat' dir='ltr'><strong>lavisti,</strong></span> <span class='ocrx_word' id='word_1_299' title='bbox 908 2410 993 2445; x_wconf 91' lang='lat' dir='ltr'><strong>Jube</strong></span> <span class='ocrx_word' id='word_1_300' title='bbox 1015 2420 1074 2444; x_wconf 86' lang='lat' dir='ltr'><strong>nos</strong></span> <span class='ocrx_word' id='word_1_301' title='bbox 1098 2421 1193 2452; x_wconf 84' lang='lat' dir='ltr'><strong>nune,</strong></span> <span class='ocrx_word' id='word_1_302' title='bbox 1219 2422 1298 2454; x_wconf 89' lang='lat' dir='ltr'><strong>quos</strong></span> <span class='ocrx_word' id='word_1_303' title='bbox 1320 2413 1445 2456; x_wconf 79' lang='lat' dir='ltr'><strong>juvisti,</strong></span> 
     </span>
    </p>
   </div>
   <div class='ocr_carea' id='block_1_13' title="bbox 222 2460 1295 2495">
    <p class='ocr_par' dir='ltr' id='par_1_16' title="bbox 222 2460 1295 2495">
     <span class='ocr_line' id='line_1_43' title="bbox 222 2460 1295 2495; baseline 0.001 -1"><span class='ocrx_word' id='word_1_304' title='bbox 222 2462 322 2495; x_wconf 87' lang='lat' dir='ltr'><strong>Serva</strong></span> <span class='ocrx_word' id='word_1_305' title='bbox 345 2470 403 2493; x_wconf 88' lang='lat' dir='ltr'><strong>nos</strong></span> <span class='ocrx_word' id='word_1_306' title='bbox 428 2469 448 2492; x_wconf 79' lang='lat' dir='ltr'><strong>a</strong></span> <span class='ocrx_word' id='word_1_307' title='bbox 471 2469 549 2493; x_wconf 83' lang='lat' dir='ltr'><strong>nece</strong></span> <span class='ocrx_word' id='word_1_308' title='bbox 572 2460 670 2494; x_wconf 86' lang='lat' dir='ltr'><strong>tristi.</strong></span> <span class='ocrx_word' id='word_1_309' title='bbox 906 2460 946 2493; x_wconf 90' lang='lat' dir='ltr'><strong>In</strong></span> <span class='ocrx_word' id='word_1_310' title='bbox 970 2462 1111 2494; x_wconf 86' lang='lat' dir='ltr'><strong>aeterna·</strong></span> <span class='ocrx_word' id='word_1_311' title='bbox 1124 2461 1191 2493; x_wconf 84' lang='lat' dir='ltr'><strong>vita</strong></span> <span class='ocrx_word' id='word_1_312' title='bbox 1214 2461 1295 2495; x_wconf 85' lang='lat' dir='ltr'><strong>sisti.</strong></span> 
     </span>
    </p>
   </div>
  </div>
 </body>
</html>
