1653 2668
736 152 779 156 -—
828 130 898 165 208
948 151 990 156 —

212 226 242 258 5.
274 223 313 259 In
337 227 500 266 praeclaro
524 226 659 258 culmine
889 228 921 259 7.
946 224 987 260 In
1011 227 1081 266 lege
1107 226 1244 266 conjugii

322 277 354 305 et
376 273 423 306 sic
446 272 589 306 afflixisti
997 281 1126 305 carnem
1149 273 1196 304 sic
1222 273 1368 314 domasti,

271 320 358 353 Diris
385 321 583 360 cruciatibus,
949 321 1039 360 Quod
1064 330 1084 352 a
1107 320 1169 353 viri
1194 321 1334 354 thalamo

316 369 400 409 quod
425 376 549 399 carnem
574 366 677 399 fecisti
994 368 1120 400 thorum
1144 368 1361 411 sequestrasti,

270 415 397 448 servire
420 414 547 454 spiritui
945 415 1049 447 Nudis
1074 424 1201 456 semper
1225 417 1360 456 pedibus

316 471 376 494 nec
398 471 461 493 non
485 462 657 505 subjecisti,
996 461 1074 494 felix
1099 463 1279 504 ambulasti,

267 509 343 549 Fac,
368 513 405 541 ut
428 517 541 549 corpus
566 512 689 541 teneam
943 510 1038 543 Hunc
1061 519 1113 542 me
1136 509 1189 543 fac
1215 511 1382 544 devincere

313 557 370 588 sub
396 556 501 596 rigore
524 557 652 590 Christi.
991 558 1123 599 hostem,
1150 566 1242 598 quem
1268 558 1408 591 calcasti.

231 637 239 644 .
267 609 410 646 Gloriosa
434 613 559 645 trinitas
883 616 914 648 8.
941 612 1007 649 Sub
1030 616 1106 656 jugo
1131 615 1278 647 altissimi

311 660 359 692 sic
382 663 414 692 te
436 660 618 702 illustravit,
990 662 1042 694 fac
1064 672 1116 695 me
1139 671 1327 704 permanere

268 707 356 747 Quod
379 716 437 748 per
460 710 494 739 te
515 709 669 742 miracula
946 710 991 742 Et
1017 711 1084 751 ejus
1108 711 1244 751 imperio

314 755 413 788 multa
435 757 641 801 perpetravit,
990 759 1110 799 Jugiter
1134 767 1259 799 parere,

267 802 371 834 Variis
394 802 597 843 languoribus
948 805 1039 845 Quod
1063 805 1153 838 fraus
1177 806 1256 838 mihi
1282 807 1420 841 Satanae

312 858 479 890 oppressos
511 852 641 889 curavit,
992 857 1130 894 nequeat
1153 863 1279 894 nocere,

266 897 334 929 Tua
358 906 453 938 prece
478 899 581 932 salvet
602 909 653 932 me
946 900 990 934 Ut
1015 901 1135 941 possim
1158 902 1192 933 in
1216 902 1320 942 gloria

311 945 350 986 is,
376 945 429 986 qui
452 955 503 978 me
528 948 657 981 creavit.
992 949 1052 981 tibi
1076 950 1285 990 congaudere.

281 1009 359 1038 Orat.
381 1019 433 1039 ms.
454 1011 639 1041 Lehm'nense
659 1015 729 1041 anni
751 1012 831 1042 1512.
855 1013 922 1041 Cocl.
943 1014 1109 1043 Berolinen.
1129 1015 1192 1044 ΝΟ
1212 1013 1257 1044 29.

636 1114 697 1146 183.
736 1115 780 1146 De
800 1115 907 1147 sancto
930 1115 1072 1148 Henrieo.

529 1184 558 1216 1.
585 1184 653 1215 Rex
677 1185 836 1218 Henricus
860 1185 903 1217 sis
929 1185 1047 1217 amicus

633 1231 733 1264 Nobis
757 1233 791 1264 in
816 1233 970 1273 angustia,

586 1278 680 1319 Cujus
705 1289 800 1319 prece
824 1289 881 1313 nos
905 1289 925 1312 a
948 1289 1026 1313 nece

631 1326 795 1359 Salvemur
819 1331 982 1368 perpetua.

525 1383 555 1415 2.
580 1383 719 1424 Lampas
743 1393 875 1424 morum,
901 1394 975 1425 spes
998 1394 1166 1426 aegrorum

627 1431 749 1464 Ferens
773 1433 991 1476 medicamina,

583 1478 633 1511 Sis
659 1481 784 1511 tuorum
808 1480 998 1513 famulorum

628 1526 750 1559 Ductor
774 1528 816 1560 ad
839 1528 997 1562 coelestia.

521 1584 551 1615 3.
578 1583 646 1615 Pax
669 1584 702 1615 in
726 1588 822 1626 terra,
847 1594 910 1618 non
936 1587 979 1618 sit
1002 1595 1116 1627 guerra

629 1631 722 1664 Orbis
747 1640 805 1672 per
831 1632 974 1674 confinia,

580 1678 688 1711 Virtus
715 1684 836 1713 crescat
861 1683 893 1712 et
916 1680 1077 1715 fervescat

626 1726 749 1760 Caritas
772 1737 831 1768 per
856 1729 969 1763 omnia.

522 1783 553 1815 4.
579 1783 651 1815 Non
676 1785 792 1817 sudore
814 1785 866 1818 vel
893 1786 1002 1819 dolore

626 1831 803 1865 Moriamur
827 1833 942 1875 subito,

579 1878 643 1911 Sed
667 1880 809 1913 vivamus
835 1883 867 1914 et
887 1882 1076 1921 plaudamus

626 1927 730 1960 Coelis
755 1929 824 1961 sine
848 1930 995 1965 termino.

278 1988 357 2017 Orat.
377 1998 430 2018 ms.
451 1991 639 2021 Trudonense
658 2002 734 2022 saec.
756 1994 799 2023 16.
819 1997 860 2023 in.
882 1995 950 2024 Cod.
971 1998 1110 2027 Leodien.
1131 1998 1196 2029 395.

606 2094 668 2126 184.
707 2097 751 2128 De
771 2099 876 2129 sancto
897 2097 1091 2140 Hieronymo.

228 2187 234 2193 .
259 2159 467 2202 Dispensator
490 2165 719 2205 scripturarum
878 2170 910 2203 2.
938 2170 1052 2204 Funde
1075 2183 1197 2216 preces,
1223 2175 1317 2210 flecte
1341 2177 1455 2220 Deum,

259 2207 430 2250 Jeronyme
455 2214 489 2242 tu
513 2222 684 2257 sacrarum,
937 2219 983 2252 Ut
1005 2220 1146 2254 illustret
1170 2227 1282 2263 pectus
1307 2235 1421 2268 meum,

303 2256 484 2299 Doctorquc
507 2261 628 2302 eximie,
981 2268 1036 2300 Ad
1060 2272 1093 2301 te
1116 2274 1254 2304 mentem
1279 2274 1376 2318 erigo,

259 2303 393 2346 Protege
413 2315 464 2338 me
487 2309 731 2349 supplicantem.
935 2314 981 2347 Ut
1004 2316 1062 2348 sim
1088 2319 1195 2352 salvus
1220 2323 1275 2354 tuo
1302 2321 1395 2364 dono,

260 2350 359 2384 Serva
381 2353 440 2385 tibi
464 2354 680 2401 famulantem,
932 2363 1045 2396 Totam
1069 2365 1104 2398 in
1128 2369 1160 2399 te
1184 2377 1274 2409 spem
1299 2379 1418 2410 repono

303 2399 437 2433 Excelsc
462 2402 657 2438 Christicolo.
981 2411 1028 2444 Tc
1051 2416 1220 2454 patronum
1243 2418 1335 2458 eligo.
