1653 2668
675 156 913 192 *53—

479 254 544 287 Sed
569 254 641 295 plus
666 254 758 296 vivit,
786 255 860 288 dum
885 254 967 287 mori
992 253 1142 294 cernitur,

480 303 580 335 Morti
605 303 722 336 cedens
743 306 878 335 mortem
905 301 1088 336 damnificat

481 350 526 383 Et
550 350 677 384 beatam
700 351 799 385 vitam
823 351 1012 392 assequitur,

479 399 548 439 Qua
572 407 742 440 resurgens
765 400 853 432 ultra
876 408 939 432 non
963 399 1108 432 moritur.

422 457 452 489 3.
482 456 574 495 Quod
598 456 743 497 moritur,
770 460 902 497 peccato
927 457 1071 496 moritur,

478 505 538 544 Qui
562 507 729 545 peecatum
751 506 874 538 nullum
900 503 1109 545 commiserat,

479 552 524 585 Et
547 556 717 592 peccatum
740 554 841 594 gratis
865 553 1039 586 remittitur

480 600 567 641 Rois,
593 610 651 634 sua
676 610 753 642 quos
778 603 881 634 morte
905 601 1039 640 liberat3

480 648 595 689 Sicque
620 658 730 682 servus
756 649 840 682 liber
865 647 1013 690 efficitur,

479 697 636 738 Huncque
662 697 753 730 donis
777 697 880 730 beatis
905 699 1061 737 munerat,

479 744 562 777 Dum
588 746 664 777 111110
687 746 786 778 vitam
810 754 982 786 perennem
1005 744 1152 785 largitur,

480 793 533 825 Ad
558 802 653 834 quam
677 802 810 834 surgens
833 794 921 826 ultra
945 802 1009 826 non
1033 793 1178 825 moritur.

421 850 454 882 4.
480 850 525 892 Si,
553 850 698 892 Domine,
723 851 790 890 jam
813 851 842 883 si
866 851 914 883 sic
939 850 1066 891 vivitur,

477 899 585 939 Atque
608 899 675 931 vita
699 899 832 939 spiritus
856 898 1015 943 redditur,

480 946 555 985 Quis
580 947 687 979 valeat
709 949 841 987 peccato
865 945 999 980 vivere?

476 993 649 1035 Excutere,
674 995 782 1036 miser,
808 1005 828 1027 a
851 994 993 1038 pulvere7

477 1041 617 1075 Elevare
640 1043 674 1075 111
698 1043 779 1075 haec
802 1042 971 1083 magnaiia,

478 1089 539 1128 Qui
563 1090 618 1122 hic
640 1091 762 1130 pendet
785 1090 826 1122 ob
850 1092 907 1123 tua
930 1090 1019 1130 vitia,

478 1137 673 1180 Recordare,
699 1147 779 1179 quae
803 1147 862 1178 pro
886 1141 920 1170 te
944 1138 1084 1178 patitur3

478 1186 542 1218 Sed
567 1186 705 1228 resurgit
730 1195 790 1218 nec
813 1187 900 1218 ultra
924 1186 1068 1218 moritur.

423 1243 454 1277 5.
482 1243 655 1276 Precamur
678 1246 711 1276 te
736 1253 830 1285 nunc,
857 1253 875 1276 0
900 1243 977 1277 Jesu
1003 1243 1095 1283 bone,

478 1290 547 1324 Fac
570 1301 628 1324 nos
653 1292 700 1325 ita
724 1295 829 1324 tecum
853 1300 1031 1333 resurgere,

480 1340 525 1374 Ut
548 1349 608 1372 nec
632 1341 718 1372 vitae
742 1340 868 1380 peccati
891 1339 1028 1372 miserae

479 1387 661 1420 serviamus
687 1389 798 1429 quavis
821 1388 956 1429 ratione,

479 1435 544 1468 Sed
568 1438 728 1468 certantes
750 1436 786 1468 in
809 1437 896 1468 vitae
919 1444 1020 1476 agone

478 1483 641 1516 Passionis
666 1484 771 1516 solare
794 1492 925 1516 munere

477 1531 523 1563 Et
547 1530 600 1563 fac
625 1540 664 1563 ex
688 1531 750 1564 hac
773 1534 829 1564 tua
851 1531 1000 1572 passione

479 1578 546 1611 Nos
572 1579 699 1612 fortiter
723 1580 861 1613 adversa
885 1580 1024 1614 vincere.

229 1636 314 1664 Brev.
336 1634 520 1663 Bituricense
546 1636 616 1671 imp.
638 1635 770 1663 venetiis
796 1632 886 1672 14813
913 1635 957 1663 als
977 1634 1104 1671 Anhang
1130 1638 1198 1672 post
1220 1636 1393 1664 sanctorale.
1416 1652 1419 1656 ·

132 1673 159 1708 5,
183 1672 198 1701 1
219 1674 340 1702 Praeter
358 1677 389 1702 te
408 1682 495 1702 nune.

541 1738 590 1770 34.
630 1737 739 1771 Oratio
760 1738 801 1770 ad
819 1738 1047 1771 elevationem.

135 1804 166 1836 1.
193 1802 371 1835 Benedicta
394 1801 509 1842 hostia,
824 1802 855 1834 2.
882 1800 1052 1834 Benedicti
1078 1800 1186 1832 calicis

240 1849 383 1883 Benedie
406 1858 465 1882 nos
489 1857 626 1893 semper,
930 1848 1138 1882 Sacramenta
1156 1852 1278 1889 patent,

193 1900 218 1933 Ο
248 1898 367 1932 Christi
389 1898 583 1939 praesentia,
881 1897 986 1930 Undis
1010 1906 1067 1930 nos
1095 1895 1216 1930 deificis

242 1947 339 1981 Salva
362 1954 420 1979 nos
447 1946 621 1979 clementer
929 1945 993 1977 Hic
1015 1949 1186 1987 peccantes
1211 1946 1366 1979 mundent

192 1995 363 2036 Patrisque
387 1994 507 2028 auxilia
881 1994 932 2026 Ac
953 1993 1016 2035 piis
1041 1994 1213 2034 praesidiis

240 2044 360 2078 Tribue
385 2047 535 2084 potenter
926 2042 1086 2075 Mundum
1111 2051 1234 2075 omnem
1257 2043 1382 2076 salvent

192 2094 238 2130 Et
262 2092 304 2125 ad
327 2095 383 2124 tua
408 2092 526 2132 gaudia
881 2091 919 2123 In
943 2089 1070 2132 fineque
1090 2090 1245 2131 temporis

240 2141 369 2173 Perduc
392 2149 451 2173 nos
474 2140 645 2173 laetanter.
927 2138 1022 2171 Goeto
1047 2147 1106 2172 nos
1130 2143 1345 2180 praesentent.

209 2198 282 2227 006..
302 2197 333 2226 S.
352 2197 435 2225 Petri
454 2195 654 2233 Salisburgen.
676 2205 695 2224 a.
713 2196 759 2224 VI
776 2193 823 2224 35.
844 2203 922 2224 saec.
944 2194 990 2226 15.

578 2271 625 2304 35.
664 2272 708 2304 De
727 2272 858 2313 corpore
879 2270 1002 2304 Christi.

351 2335 417 2368 Hic
442 2337 538 2375 caput
561 2335 690 2377 inclina,
715 2335 798 2368 latet
820 2334 875 2367 hic
897 2334 1023 2367 animae
1046 2333 1216 2375 medicina,

353 2384 415 2417 Est
439 2384 527 2417 Deus
551 2383 605 2416 hie
627 2387 746 2424 tantus,
771 2385 866 2416 natus
893 2384 933 2416 de
955 2383 1081 2424 virgine
1106 2385 1253 2428 quantus,

351 2435 574 2474 Languentum
597 2433 741 2466 medicus
765 2435 798 2464 et
821 2441 898 2465 vere
922 2432 1047 2465 animae
1071 2432 1171 2476 cibus,

352 2482 470 2516 Salutis
494 2481 547 2514 hic
572 2485 682 2523 portus
709 2484 740 2514 et
765 2490 876 2515 verum
899 2480 1030 2514 Domini
1055 2490 1182 2525 corpus,
