1653 2668
194 831 249 864 10.

198 1032 253 1066 11.

195 1233 250 1266 12.

194 1434 250 1467 13.

195 1635 250 1669 14.

196 1838 252 1872 15.

195 2041 239 2075 16

197 2245 240 2279 17

716 127 979 164 ῌ173-

234 252 243 260 .
269 226 320 259 De
343 226 545 259 beatitudine

318 275 404 307 vitae
427 274 522 307 vobis
550 275 626 308 data

271 322 317 356 Et
342 323 383 355 de
409 323 603 355 certitudine

318 370 409 403 vobis
435 370 511 403 hinc
536 372 653 403 collata

272 426 482 468 Nequaquam
508 427 657 461 valebitis

317 476 353 508 in
377 485 491 509 aevum
514 475 648 518 moveri,

275 523 345 556 Nec
369 524 445 557 ullis
470 525 617 565 poteritis

320 572 466 605 hostibus
492 572 617 605 terreri.

239 655 246 662 .
273 629 365 663 Sicut
387 629 563 662 infidelitas

320 678 354 710 in
380 677 470 711 vobis
496 681 527 710 et
551 677 650 720 nulla,

277 724 332 759 Sic
352 733 456 766 neque
482 726 655 758 crudelitas

323 773 527 813 praevalebit
550 773 626 806 ulla.

278 830 394 865 Omnes
419 840 439 863 a
461 831 622 871 principio

327 888 384 911 vos
408 878 614 920 immaculati,

278 926 410 959 Fideles
436 929 469 959 et
491 926 606 967 incliti,

326 974 395 1007 Deo
422 974 580 1016 copulat13

281 1031 351 1065 Sibi
373 1031 467 1071 juxta
490 1031 643 1071 placitum

324 1079 401 1111 laeti
427 1079 602 1111 servientes

276 1126 322 1160 Et
347 1127 415 1167 ejus
439 1127 473 1158 in
496 1125 599 1166 jubilo

324 1173 439 1206 faciem
464 1174 623 1215 videntes,

278 1231 324 1265 Et
351 1241 421 1264 cum
446 1231 488 1264 ad
514 1240 572 1263 nos
596 1239 755 1273 pauperes

324 1280 415 1312 missi
441 1279 620 1320 declinatis,

279 1327 324 1362 Ut
350 1336 407 1359 nos
431 1338 451 1361 a
476 1327 642 1368 spiritibus

323 1375 416 1409 malis
443 1374 635 1415 defendatis,

280 1432 494 1473 Nequaquam
518 1432 690 1473 privamini

327 1480 389 1513 Dei
412 1480 535 1513 visione

282 1528 352 1561 Nec
377 1528 446 1568 ejus
472 1527 667 1561 fraudamini

325 1579 403 1609 tunc
426 1575 590 1609 fruitione.

277 1633 390 1667 Mente
414 1642 543 1674 semper
567 1634 690 1666 alacres

330 1681 407 1714 estis
433 1684 529 1722 atque
554 1681 674 1725 mundi,

278 1730 412 1763 Pulchri
437 1733 469 1763 et
493 1729 659 1773 amabiles,

321 1779 456 1819 juvenes
478 1778 625 1818 jucundi.

279 1837 380 1877 Quam
408 1836 613 1869 consolatorii

328 1885 399 1917 sitis
426 1887 457 1916 et
482 1893 577 1924 quam
604 1884 690 1923 boni,

279 1934 381 1975 Opem
408 1935 440 1964 et
463 1932 661 1974 praesidium

330 1979 479 2014 conferre
504 1989 597 2021 quam
621 1980 727 2022 proni,

244 2067 250 2073 .
275 2040 313 2073 In
339 2038 569 2072 tentat-ionibus

327 2087 446 2120 nostris
473 2087 666 2127 experimur,

281 2137 366 2169 Dum
390 2138 499 2168 vestro
521 2135 686 2175 juvamine

328 2184 362 2217 in
386 2192 494 2225 pugna
517 2184 687 2218 munimur.

246 2272 253 2278 .
282 2243 387 2277 Carne
410 2243 523 2274 nostra
548 2239 658 2284 fragili

330 2291 394 2323 cito
419 2290 632 2333 vinceremur,

281 2340 315 2373 Si
341 2341 451 2372 vestro
477 2338 653 2371 munimine

329 2398 393 2421 non
421 2386 704 2422 circumdaremur.

878 228 933 262 18.

881 429 936 463 19.

881 631 938 664 20.

883 831 937 865 21.

882 1033 938 1064 22.

884 1234 939 1266 23.

888 1435 944 1467 24.

887 1636 942 1668 25.

888 1838 944 1871 26,

888 2039 943 2073 27,

891 2243 945 2276 28.

961 226 1044 271 Heu,
1070 236 1163 267 quam
1189 226 1308 259 nostris
1334 224 1488 257 cordibus

1011 284 1118 307 sumus
1139 274 1312 316 obscurati,

962 323 1053 363 Quod
1078 332 1141 355 non
1165 322 1259 355 vobis
1284 321 1427 361 amplius

1012 371 1053 404 de
1077 371 1126 403 his
1151 371 1250 403 simus
1276 370 1373 411 grati.

963 429 1028 462 Sed
1054 437 1110 461 vos
1135 427 1322 469 patientiam

1010 476 1045 508 in
1068 475 1130 509 boc
1154 476 1313 516 habeatis,

964 525 1063 565 Opem
1088 524 1181 556 nobis
1206 522 1331 555 miseris

1013 580 1173 612 nunquam
1199 570 1406 610 subtrahatis,

965 630 1101 662 Nostras
1126 631 1201 661 aute
1224 627 1397 661 Dominum

1012 685 1125 717 preces
1151 676 1364 718 praesentetis

964 726 1010 758 Et
1034 725 1173 758 Mariam
1198 724 1353 765 virginem

1014 782 1073 813 pro
1098 772 1190 805 nobis
1215 772 1323 812 oretis,

965 831 1052 871 Quae
1078 832 1127 861 est
1150 829 1262 863 mundi
1288 829 1427 869 domina,

1011 879 1123 919 regina
1148 879 1319 917 coelorum,

968 926 1139 959 Hominum
1166 928 1198 957 et
1218 926 1357 958 omnium

1014 973 1134 1005 rectrix
1160 972 1356 1014 angelorum.

963 1031 1012 1064 Ut
1034 1031 1083 1063 sic
1105 1039 1164 1071 per
1187 1030 1348 1071 angelicos

1013 1087 1070 1110 vos
1094 1077 1288 1111 mediatores

965 1126 1126 1159 Levemur
1150 1126 1193 1158 ad
1218 1125 1354 1157 coelicos

1012 1173 1256 1214 inhabitatores,

967 1231 1029 1267 Ubi
1056 1232 1096 1263 de
1120 1230 1290 1271 terrigenis

1013 1280 1133 1311 multae
1157 1278 1343 1311 sublevatae

969 1327 1120 1360 Gaudent
1145 1335 1214 1359 cum
1241 1325 1401 1359 coelicolis

1015 1376 1140 1407 animae
1163 1373 1286 1407 beatae.

970 1432 1023 1466 Ibi
1048 1431 1254 1473 gratitudinis

1018 1480 1159 1512 carmina
1183 1487 1331 1512 canemus

968 1529 1077 1568 Atque
1100 1527 1170 1560 Deo
1196 1527 1316 1568 gratias

1020 1576 1061 1608 de
1085 1575 1178 1608 vobis
1204 1583 1343 1616 agemus.

967 1634 1057 1667 Bona
1081 1633 1173 1666 nobis
1198 1632 1321 1674 nuntia,

1019 1681 1160 1722 Gabriel,
1188 1679 1307 1722 futura,

972 1730 1135 1771 Sauciata‚
1160 1728 1318 1773 Raphael‚

1019 1778 1118 1810 corda
1141 1779 1254 1810 nostra
1279 1786 1365 1810 cura.

971 1835 1083 1876 Saeva,
1109 1837 1220 1867 sancte
1244 1834 1395 1878 Michael,

1019 1892 1148 1917 remove
1172 1885 1330 1917 tormenta

970 1933 1078 1972 Atque
1102 1934 1229 1964 nostras
1254 1932 1375 1964 animas

1016 1979 1087 2013 Deo
1110 1982 1328 2021 repraesenta.

969 2038 1163 2072 Benedictus
1180 2037 1346 2079 Dominus,

1018 2087 1072 2127 qui
1097 2096 1153 2119 vos
1179 2086 1225 2118 sic
1251 2087 1381 2131 creavit,

972 2135 1009 2168 ln
1029 2134 1230 2168 beatitudine

1020 2183 1129 2215 taliter
1153 2182 1303 2227 firmavit,

973 2241 1019 2275 Ut.
1043 2241 1134 2274 vobis
1158 2250 1222 2274 non
1248 2250 1327 2281 opus
1352 2242 1395 2274 sit

1022 2290 1196 2330 quidquam
1221 2288 1407 2336 formidare,

973 2338 1108 2372 Possitis
1135 2341 1167 2370 et:
1187 2347 1346 2380 pauperes

1023 2396 1081 2421 nos
1105 2386 1160 2419 hic
1184 2387 1350 2428 adjuvare.
