1653 2668
774 146 1005 181 -178-

228 248 282 282 12.
309 249 469 286 Thadaee‚
494 246 642 285 Abagaro
909 244 963 276 14.
990 240 1150 282 Barnaba,
1177 249 1196 272 a
1220 240 1337 280 spiritu

351 295 419 337 regi
442 293 637 334 praedicasti
1032 290 1143 321 sancto
1169 296 1203 319 es
1228 287 1359 340 electus,

308 343 351 375 Et
376 351 445 375 cum
469 349 525 372 suo
550 340 667 380 populo
990 336 1088 369 Verbi
1112 335 1174 367 Dei
1198 337 1327 366 nuntius

348 391 389 422 ad
413 388 509 421 fidem
533 386 655 427 vocasti
1034 393 1103 416 cum
1128 383 1228 415 Paulo
1257 382 1408 421 directus,

310 438 437 478 Eosque
460 434 661 475 baptismatis
989 433 1078 473 Rogo
1104 433 1146 473 te,
1173 431 1227 471 qui
1252 429 1339 463 vitiis

348 487 474 517 lavacro
499 481 669 521 mundasti,
1032 479 1140 512 multis
1165 487 1235 510 sum
1259 476 1409 517 infectus,

307 531 410 564 Aufer
434 539 453 562 a
477 538 536 572 me,
563 532 655 569 pater
677 529 732 570 mi,
990 528 1066 568 Fac,
1092 529 1130 558 ut
1155 535 1261 558 coram
1285 525 1422 558 Domino

351 579 476 618 culpam
500 577 701 617 protoplasti.
1032 575 1170 614 simplex
1194 574 1254 606 sim
1279 576 1311 605 ct
1337 576 1454 607 rectus.

227 637 280 669 13.
306 635 453 677 Matthia,
482 633 666 674 dignissime
908 633 963 667 15.
990 634 1014 666 O
1040 634 1150 673 patres
1177 631 1341 674 ecclesiae,

348 682 452 715 Judae
476 681 665 713 substitutus
1032 681 1171 713 vestrum
1197 679 1397 711 laudatorem

306 731 344 762 In
371 729 489 764 Christi
513 729 702 770 apostolum,
990 729 1178 761 Promovete
1202 727 1352 767 precibus

342 778 419 817 juva
443 785 503 818 me,
531 776 615 816 quod
640 778 725 807 tutus
1032 775 1118 816 apud
1144 775 1347 817 salvatorem,

307 825 437 865 Semper
464 823 533 866 sim,
559 832 600 854 ne
626 823 758 855 devoret
989 823 1079 862 Quod
1103 831 1163 862 per
1187 831 1244 854 vos
1270 821 1400 863 effugiat

348 881 398 904 me
424 870 521 903 Satan
546 873 703 913 versutus,
1030 870 1150 902 inferni
1176 870 1318 902 dolorem

303 920 434 960 Tuoque
457 918 618 958 praesidio
988 919 1038 950 Ae
1063 917 1225 951 vobiscum
1250 918 1369 950 sentiat

347 974 471 1006 semper
496 966 556 997 sim
579 965 717 1005 adjtxtus.
1032 965 1188 998 coelicum
1213 966 1371 998 ardorem.

301 1032 369 1060 cod.
391 1030 419 1060 S.
441 1032 520 1058 Petri
541 1030 740 1067 salisburgen.
762 1039 780 1059 a
797 1032 845 1059 ΠΙ
867 1030 910 1059 10.
932 1040 1007 1059 saec.
1031 1030 1076 1060 15.
1096 1031 1132 1058 A.
1160 1046 1193 1050 —
1214 1031 1284 1059 Cod.
1299 1031 1327 1059 S.
1341 1032 1423 1060 Petri
1438 1032 1531 1061 Salis-

221 1072 343 1107 burgen.
372 1071 390 1098 b
414 1069 457 1096 VI
482 1066 508 1097 ἶ).
534 1077 609 1096 saec.
638 1067 681 1096 15.
708 1070 742 1096 B.
768 1084 803 1088 —-
826 1069 895 1097 eod.
917 1068 946 1097 S.
966 1070 1047 1097 Petri
1068 1069 1270 1105 salisburgen.
1296 1070 1314 1097 b
1340 1071 1372 1098 11
1396 1068 1433 1098 30
1460 1079 1536 1100 saec.

225 1106 268 1135 15.
292 1108 323 1136 C.
343 1122 381 1127 —
402 1107 482 1135 Orat.
502 1115 556 1134 ms.
576 1107 764 1143 Pollingense
784 1116 858 1136 saec.
883 1105 925 1135 15.
948 1107 1019 1135 Clm.
1041 1109 1194 1136 Monacen.
1217 1106 1324 1135 11917.
1345 1109 1383 1136 D.
1404 1123 1439 1127 —
1456 1110 1537 1138 Orat.

220 1155 263 1173 ms
270 1147 337 1174 .Το
343 1147 473 1182 gui-inum
495 1143 636 1172 saec-15.
661 1145 732 1172 01111.
752 1146 905 1173 Monacen.
928 1144 1035 1174 19636.
1056 1146 1091 1173 E
1113 1160 1148 1164 —
1170 1145 1250 1173 Or.at
1272 1155 1325 1174 ms.
1347 1147 1538 1175 Lehninense

222 1185 293 1211 anni
315 1171 396 1211 1518.
419 1182 488 1210 Cori.
508 1183 673 1211 Beroh'nen.
694 1184 749 1211 IV
770 1182 815 1212 29.
836 1184 868 1211 F.
890 1184 1020 1212 —Or.at
1041 1193 1093 1212 ms.
1109 1184 1280 1212 Thosanum
1301 1193 1376 1212 saec.
1401 1184 1444 1213 15.
1466 1186 1536 1214 Cod.

221 1222 386 1250 Bruxellen
407 1218 604 1249 494851.-
626 1221 706 1249 Orat.
726 1231 780 1249 ms.
803 1222 988 1250 Carthusian.
1010 1231 1085 1250 saec.
1108 1220 1153 1250 15.
1176 1222 1245 1250 Ood.
1269 1222 1363 1259 Capit.
1381 1225 1534 1252 Treviren.

300 1297 324 1331 1,
348 1296 362 1325 1
384 1298 470 1325 Petre
489 1298 573 1332 petra
592 1296 660 1325 fidei
680 1297 741 1325 AC.
762 1314 799 1318 —
823 1296 846 1332 1,
868 1296 886 1325 2
904 1299 975 1326 Dux
995 1299 1229 1327 Christianorum
1249 1298 1308 1326 AO.
1329 1315 1367 1319 —-
1390 1298 1415 1334 1,
1436 1298 1538 1329 3Tibi

220 1337 317 1363 claves
331 1336 363 1363 F.
378 1349 415 1355 -«
428 1332 454 1369 2,
475 1306 507 1362 4p
514 1334 666 1371 Jubarque
679 1336 712 1363 F.
727 1352 763 1355 —
778 1334 803 1371 2,
826 1319 846 1364 8
863 1336 946 1364 iocus
966 1338 1153 1365 tenebrarum
1167 1338 1200 1364 B.
1216 1352 1254 1356 —
1268 1335 1295 1372 3,
1319 1336 1334 1365 1
1349 1340 1537 1367 sanctissime

219 1375 252 1402 F.
281 1389 317 1395 ·—
344 1371 377 1407 3,
403 1370 421 1399 2
447 1355 599 1400 tormentis
617 1374 649 1401 F.
680 1387 713 1392 »-
737 1373 794 1401 Str.
821 1374 839 1402 5
859 1375 932 1402 fehlt
954 1376 986 1403 B.
1009 1390 1043 1394 -—
1066 1373 1145 1408 5,1
1167 1376 1319 1404 carissime
1340 1377 1377 1404 D.
1399 1392 1437 1395 —
1457 1375 1489 1411 5,
1517 1376 1538 1405 4

222 1412 343 1446 Quando
366 1412 528 1446 exspiravit
545 1411 578 1438 F.
599 1427 637 1431 —
657 1409 689 1448 5,
718 1410 735 1439 6
756 1412 833 1448 quod
853 1414 1015 1449 piwostiavit
1033 1414 1067 1441 A.
1089 1428 1125 1431 —
1146 1411 1180 1448 6,
1207 1412 1225 1440 2
1245 1414 1348 1442 Jesum
1368 1414 1535 1474 ABCR-
1498 1432 1538 1437 —

220 1449 250 1486 6,
280 1448 298 1477 [³2
319 1450 377 1484 Qui
400 1451 523 1476 mortem
542 1450 601 1477 BC.
627 1464 665 1468 —
691 1449 723 1485 7,
754 1449 768 1477 1
785 1451 969 1486 justissimus
989 1452 1023 1479 A.
1045 1467 1083 1472 —
1103 1450 1134 1487 7,
1162 1434 1181 1479 4
1202 1452 1316 1480 Memor
1337 1455 1398 1481 esto
1418 1454 1477 1481 BF

220 1472 250 1520 8,
277 1486 293 1515 6
314 1490 348 1515 ut
367 1496 432 1515 cum
452 1487 489 1523 F;
514 1487 619 1515 vadam
640 1488 698 1516 Bo.
717 1504 757 1509 -—
778 1487 827 1523 10,
849 1487 866 1517 5
888 1489 1013 1518 Sanetus
1034 1492 1084 1526 pie
1102 1490 1136 1517 A.
1159 1505 1197 1509 —
1219 1488 1262 1524 12,
1284 1489 1302 1519 3
1322 1491 1364 1519 Et
1383 1500 1449 1520 eum
1469 1501 1536 1520 eum

220 1525 252 1553 C.
275 1542 312 1548 —
332 1525 415 1554 Nach
435 1525 492 1553 Str.
516 1523 552 1553 14
571 1526 687 1554 schiebi:
705 1527 729 1554 B
750 1528 812 1554 ein:

484 1573 590 1608 Lucas,
612 1575 738 1610 scriptor
756 1576 881 1612 virginis
904 1577 933 1604 et
953 1577 1145 1613 evangelista,

482 1612 550 1646 Fae,
571 1594 605 1639 111
623 1621 684 1640 11011
704 1613 833 1650 decipiat
851 1614 944 1642 fallax
960 1624 1007 1642 me
1027 1614 1170 1651 sophista,

483 1650 547 1677 Nec
565 1650 677 1687 malign
678 1659 696 1678 a
714 1652 851 1680 vulneret
871 1653 932 1688 ejus
954 1662 1001 1681 me
1020 1654 1140 1687 batista,

486 1660 677 1716 Christumgn
652 1691 687 1716 ut
705 1691 738 1717 in
759 1692 857 1726 patria
875 1691 993 1719 laudem
1015 1701 1081 1719 cum
1100 1692 1263 1728 psalmista.

486 1735 595 1771 Marce,
617 1738 764 1774 evangelii
784 1739 910 1775 scriptor
929 1740 1095 1772 salvatoris,

486 1774 553 1808 Fac,
574 1757 608 1802 111
627 1776 729 1811 culpas
750 1776 868 1804 abluam
887 1778 1003 1806 fletibus
1025 1779 1143 1813 amoris,

485 1813 596 1840 Tecum
614 1815 648 1841 ut
667 1814 814 1842 assideam
833 1815 952 1844 sedibus
973 1817 1142 1852 111-55515115,

485 1850 546 1878 Ubi
566 1859 632 1878 eum
652 1852 828 1881 coelestibus
845 1853 958 1890 jugiter
977 1855 1107 1882 laetaris.

641 1943 697 1975 141
737 1944 781 1976 De
801 1944 918 1976 sanctis
938 1946 1104 1986 Apostoljs.

391 2014 421 2046 1.
448 2013 511 2045 Hic
536 2022 661 2046 sursum
684 2015 822 2055 pedibus
846 2016 981 2048 moritur
1004 2019 1149 2058 pendens
1176 2027 1269 2051 cruce
1293 2021 1419 2065 Petrus,

450 2060 514 2092 Hic
537 2062 672 2094 moritur
695 2063 824 2103 Paulus,
851 2063 958 2104 gladio
983 2066 1123 2105 perdens
1147 2070 1244 2107 caput
1269 2069 1347 2108 ejus.

443 2109 611 2150 Plangitur
633 2110 782 2143 Andreas
806 2111 869 2151 hio,
896 2121 989 2152 quem
1014 2112 1173 2146 crucifixit
1193 2115 1329 2157 Aegeas,

446 2155 594 2188 Mortuus
619 2166 750 2190 excusso
775 2158 914 2191 Jacobus
939 2161 1042 2193 minor
1067 2164 1117 2194 est
1142 2162 1310 2197 cerebello.

446 2204 588 2236 Mittitm
614 2205 647 2237 111
673 2205 801 2239 fervens
827 2207 929 2239 oleum
957 2209 1098 2250 doliique
1121 2211 1294 2252 Johannes,

447 2251 659 2292 Transfigitur
683 2254 842 2294 Didymus
866 2255 1005 2288 Thomas
1030 2257 1136 2298 gladio
1161 2260 1344 2293 moriturus.

447 2298 511 2330 Hic
532 2303 606 2331 sunt
628 2301 774 2334 transfixi
800 2302 919 2344 Simon,
945 2305 1047 2338 Judas
1073 2305 1167 2338 simul
1191 2307 1256 2348 isti,

447 2346 576 2379 Erectis
597 2349 744 2383 manibus
770 2350 927 2383 occiditur
952 2361 1026 2385 ense
1049 2354 1244 2387 Matthaeus.

450 2393 566 2427 Sancte
589 2396 738 2438 Matthia,
764 2398 844 2430 mori
873 2399 919 2431 vis
945 2398 1081 2434 feriente
1107 2403 1222 2437 securi

449 2441 559 2484 Offert,
585 2452 707 2485 summe
731 2445 828 2487 DeuS,
854 2447 914 2479 tibi
935 2449 1052 2495 pellem
1077 2449 1351 2487 Bartholomaeus.
