1653 2668
719 143 980 180 *169-

190 241 245 274 33.
273 238 417 284 Nicolae,
444 241 494 274 vir
518 240 636 282 fidelis,
880 243 938 276 42.
964 243 989 276 O
1015 241 1110 275 beata
1133 240 1331 283 Margareta‚

271 288 322 321 Tu
344 289 545 329 praecellens
570 298 605 322 es
629 290 663 322 in
688 289 785 322 caelis
964 289 1052 323 Goeli
1077 294 1166 322 tenes
1191 298 1273 331 quae
1297 292 1438 330 secreta,

276 336 366 370 Sicut
390 336 495 378 fulges
522 336 652 381 deitate,
963 337 1075 371 Firma
1097 347 1149 370 me
1172 346 1257 371 nunc
1281 337 1485 372 vacillantem

271 384 326 417 Sic
350 394 401 418 me
427 385 497 418 dita
520 385 652 427 pietate.
961 386 1006 420 Et
1029 385 1190 419 firmatum
1215 388 1289 419 tene
1312 388 1458 418 stantem.

192 442 248 475 34.
276 442 300 475 O
327 441 421 475 beate
444 442 631 486 Benedicte‚
880 445 937 477 43.
965 445 1044 485 Ave,
1070 444 1217 477 Barbara
1240 443 1419 487 praeclara,

275 489 390 531 Gregis
414 490 478 523 Dei
504 492 569 524 dux
593 491 722 531 invicte,
961 492 1039 525 Jesu
1065 492 1193 526 Christo
1218 500 1345 532 semper
1370 500 1453 533 cara,

273 538 402 572 Perduc
426 547 478 571 me
502 538 544 572 ad
569 539 653 572 viam
676 541 794 572 rectam
961 539 1086 573 Praebe
1109 539 1193 572 Mihi
1218 540 1381 582 auxilium,

275 586 513 627 Regionemque
539 587 683 620 electam.
963 588 1040 622 Cum
1067 588 1167 620 ducar
1191 588 1233 621 ad
1253 587 1421 628 judicium.

190 643 246 677 35.
275 644 391 676 Omnes
416 645 520 677 sancti
545 643 754 686 confessores,
879 646 934 677 44.
962 645 1081 678 Sancta
1105 648 1229 686 martyr
1253 643 1446 684 Katharina‚

273 691 370 731 Legis
395 692 458 725 Dei
484 691 680 734 defensores,
960 692 1169 734 Praefulgens
1195 692 1316 727 Christi
1349 692 1504 732 doctrina,

270 739 327 771 Me
348 740 460 779 juvate
484 750 541 773 vos
565 742 751 781 sequentem
960 741 1144 781 Deprecare
1165 749 1318 782 sponsum
1342 743 1443 782 tuum,

272 787 369 826 Quasi
391 790 459 830 jam
489 787 700 821 deficientem.
961 787 1012 821 Ne
1037 789 1227 822 condemnet
1251 797 1378 822 servum
1402 796 1505 821 suum.

190 845 245 878 36.
270 845 296 877 O
321 844 428 878 Maria
450 845 657 887 Magdalena‚
877 847 932 880 45.
961 846 1171 888 Scholastica,
1196 855 1315 888 sponsa
1341 845 1473 886 Clu-isti,

272 892 398 925 Pietate
421 892 483 926 Dei
507 894 612 935 plena,
961 894 1061 927 Grata
1086 902 1213 935 semper
1239 894 1289 926 cui
1316 891 1416 935 fuisti,

268 941 397 973 Summo
422 941 491 982 regi
515 949 566 973 me
590 944 771 985 praesenta⁷
959 943 1027 975 Iter
1050 951 1156 974 meum
1175 951 1257 983 para
1280 944 1384 974 tutum

272 987 328 1021 Cui
353 989 455 1022 servis
481 991 546 1021 tam
572 990 704 1022 attenta.
959 990 1023 1022 Per
1047 989 1199 1022 orationis
1224 992 1359 1021 scutum.

187 1040 242 1072 37.
269 1041 399 1081 Agatha
423 1043 458 1072 tu
483 1044 516 1073 et
539 1040 641 1074 Lucia
875 1042 931 1075 46.
959 1041 1075 1074 Omnes
1101 1041 1240 1082 virgines
1265 1044 1419 1084 sacratae,

269 1088 377 1120 Matre
401 1091 514 1121 sancta
539 1097 608 1121 cum
632 1088 751 1130 Maria,
957 1089 1039 1128 Regi
1062 1097 1177 1127 magno
1201 1090 1377 1133 copulatae,

269 1135 367 1167 Ferte
391 1144 451 1176 pro
477 1145 529 1169 me
553 1136 622 1169 Deo
643 1145 767 1178 preces,
959 1135 1077 1169 Offerte
1099 1145 1160 1176 me,
1187 1146 1315 1178 quaeso,
1342 1146 1469 1180 sponso,

267 1183 313 1216 Ut
337 1184 463 1223 peccati
488 1185 582 1216 tollat
609 1183 726 1218 faeces.
959 1183 1037 1216 Cum
1062 1185 1187 1218 venerit
1210 1184 1244 1217 in
1269 1185 1437 1218 absconso.

185 1240 240 1273 38.
268 1241 387 1281 Agnes,
414 1241 502 1282 virgo
527 1241 678 1283 gloriosa,
874 1243 929 1275 47.
957 1242 1095 1274 Domine
1118 1241 1206 1283 Jesu,
1232 1244 1359 1274 tuorum

266 1288 406 1330 Fulgens
432 1291 529 1330 atque
552 1291 704 1333 pretiosa,
956 1291 1096 1330 Propter
1119 1291 1235 1322 merita
1259 1292 1454 1330 sanctorum,

265 1336 378 1369 Flecte
402 1337 482 1369 mihi
505 1337 708 1379 salvatorem,
955 1337 1002 1371 Ut
1024 1338 1083 1369 sim
1109 1339 1195 1369 totus
1218 1338 1356 1370 mundus
1384 1339 1490 1379 corde,

266 1385 329 1417 Pro
353 1394 414 1425 quo
441 1383 554 1418 fudisti
581 1394 736 1421 cruorem.
955 1385 1081 1417 Munda
1103 1394 1155 1418 me
1180 1386 1220 1418 ab
1246 1386 1332 1418 omni
1358 1387 1464 1420 sorde.

183 1441 237 1475 39.
267 1441 408 1475 Caecilia
431 1442 501 1475 Deo
528 1445 630 1486 grata,
874 1443 930 1475 48.
955 1442 1007 1475 Da
1031 1442 1168 1484 gratiam
1192 1443 1225 1475 in
1248 1443 1426 1485 praesenti,

265 1489 361 1522 Rosis
386 1490 470 1523 veris
496 1494 659 1531 coronata,
955 1490 1007 1523 Da
1031 1491 1156 1523 veniam
1180 1490 1368 1531 poenitenti,

266 1539 287 1571 J
290 1547 376 1570 esum
400 1537 497 1571 flecte
522 1541 554 1571 et
578 1547 686 1578 exora,
957 1538 1102 1570 Gloriam
1129 1538 1171 1570 da
1192 1539 1227 1570 in
1250 1536 1361 1571 futura

263 1586 312 1620 Ut
336 1586 396 1617 sim
422 1585 501 1618 felix
523 1586 641 1618 mortis
667 1586 760 1619 hora.
956 1587 1041 1627 Vita,
1068 1595 1131 1626 qua
1156 1589 1205 1618 est
1228 1595 1293 1626 pax
1318 1594 1440 1619 secura.

180 1643 237 1677 40.
263 1644 289 1676 O
315 1646 440 1686 martyr
465 1644 654 1685 Anastasia,
872 1644 928 1677 49.
955 1643 1072 1677 Omnes
1097 1644 1130 1675 in
1154 1646 1189 1675 te
1212 1644 1404 1687 baptizatos,

263 1692 357 1733 Ignes
382 1701 480 1733 passa
504 1701 564 1733 pro
588 1692 722 1733 Messta,
954 1691 1017 1724 Per
1035 1693 1203 1732 peccatum
1227 1691 1420 1735 inquinatos,

260 1740 365 1783 Hunc,
391 1740 496 1781 beata,
523 1749 602 1780 roga
625 1740 738 1783 Deum,
954 1739 1082 1772 Perduc
1106 1739 1148 1772 ad
1174 1738 1408 1772 confessionem

262 1789 310 1822 Ut
334 1788 486 1821 emundet
509 1791 623 1829 pectus
648 1796 767 1822 meum.
956 1786 1135 1828 Conferque
1157 1787 1389 1822 remissionem.

178 1846 235 1881 41.
261 1847 334 1880 Ave
357 1855 429 1880 mea
454 1847 620 1890 advocata,
871 1846 927 1880 50.
951 1845 1107 1885 Requiem
1131 1848 1294 1878 aeternam
1322 1846 1443 1878 cunctis

261 1894 437 1937 Dorothea,
464 1895 507 1927 sis
534 1897 657 1936 rogata,
952 1893 1005 1926 Da
1027 1892 1177 1926 fidelibus
1204 1892 1374 1935 defunctis,

261 1943 307 1977 Ut
332 1942 477 1976 defectus
504 1946 536 1975 et
560 1944 696 1983 peccata
952 1941 1002 1973 Ne
1028 1941 1217 1974 damnentur
1240 1942 1275 1973 in
1301 1940 1431 1975 fornace

258 1991 324 2024 Per
346 1994 381 2024 te
405 2001 425 2024 a
448 2000 501 2023 me
522 1992 588 2024 sint
611 1991 729 2024 ablata.
951 1989 1016 2023 Sed
1037 1989 1241 2030 requiescant
1261 1990 1297 2022 in
1320 1999 1414 2031 pace.

254 2048 325 2077 Cod.
345 2048 494 2077 Mellicen.
516 2046 582 2077 932.
603 2056 680 2076 saec.
703 2046 747 2076 15.
768 2047 810 2076 Α;
831 2048 915 2076 Finit
932 2047 1057 2075 feliciter
1077 2046 1191 2074 letania
1209 2047 1333 2075 Domini
1349 2047 1501 2075 Francisci

176 2087 356 2116 Pati-archae
390 2088 427 2116 de
460 2088 597 2116 omnibus
628 2088 753 2121 sanetis,
788 2089 893 2123 poetae
923 2085 1063 2119 laureati,
1098 2085 1223 2113 collecta
1255 2086 1288 2113 in
1318 2087 1496 2114 monasterio

174 2127 393 2155 Lunaelacensi
418 2135 471 2155 seu
497 2126 604 2154 Monse
630 2127 699 2162 post
718 2125 925 2162 Saltzburgam
950 2133 1003 2161 per
1029 2123 1149 2153 fratrem
1174 2124 1317 2152 humilem
1338 2124 1368 2153 S.
1390 2125 1437 2153 W.
1465 2124 1502 2153 de

174 2166 207 2194 F.
228 2165 315 2194 Anno
335 2165 461 2194 Domini
482 2162 565 2193 1481.

253 2204 325 2233 Cod.
352 2204 449 2232 Palat.
474 2203 679 2231 Vindobontm.
712 2200 789 2232 4089
818 2211 841 2231 c.
869 2211 896 2231 a.
926 2200 1008 2231 1460.
1035 2202 1068 2230 B.
1090 2215 1126 2220 —-
1152 2201 1275 2230 Litania
1302 2202 1338 2230 de
1364 2203 1500 2232 omnibus

174 2244 287 2271 sanctis
306 2243 459 2272 Francisci
478 2240 665 2276 Petrai-chae,
687 2244 793 2278 poetae
811 2241 939 2270 laureati
960 2243 990 2269 et
1009 2241 1120 2268 eximii.

254 2282 324 2310 Cod.
344 2282 441 2309 Palat.
462 2281 667 2309 Vindobonen.
691 2278 764 2309 1855
784 2288 859 2308 saec.
884 2278 927 2308 15.
950 2279 980 2307 G.
1000 2294 1039 2300 μ
1061 2279 1181 2316 „Oratio
1209 2280 1304 2307 sancti
1330 2278 1431 2308 Petri
1459 2279 1499 2307 do

173 2322 337 2350 Luxemb
347 2329 414 2357 urg
436 2319 619 2355 cardinalis,
641 2320 695 2357 qui
715 2320 792 2348 obiit
816 2319 970 2347 Avenicne
989 2327 1066 2347 anno
1092 2315 1181 2352 1387,
1202 2319 1235 2346 in
1254 2326 1314 2354 qua
1332 2317 1502 2353 rhythmica

173 2360 378 2397 apostolorum
397 2361 563 2395 postremus
577 2358 734 2392 Martialis,
750 2358 1009 2387 Lemovicensium
1028 2357 1082 2385 ille
1094 2357 1207 2394 primus
1222 2358 1386 2394 episcopus,
1403 2357 1500 2387 modio

172 2400 290 2427 demum
316 2398 435 2428 saeculo
459 2395 486 2426 3.
525 2398 621 2426 Roma
640 2398 763 2434 missus,
784 2398 829 2426 ita
848 2396 1027 2434 adpellatur:
1056 2395 1164 2424 Sancte
1178 2396 1236 2424 Dei
1255 2395 1403 2425 Martialis
1425 2394 1499 2426 etc.“

172 2439 267 2467 Denis
286 2439 303 2467 Ι
322 2438 369 2467 111
388 2447 418 2474 p.
439 2434 515 2466 3130
538 2446 581 2474 sq.

249 2479 336 2506 Brov.
361 2485 416 2505 mS.
440 2477 649 2505 Arremareuse
676 2484 753 2504 saec.
777 2474 821 2504 15.
848 2474 1080 2504 Cod.1‘arisien.
1106 2472 1179 2502 1063
1199 2475 1243 2502 D:
1275 2475 1377 2503 Oratio
1405 2476 1502 2503 sancti

172 2517 352 2546 Oardinalis.
