1653 2668
713 141 951 176 --23-μ

371 237 433 270 Est
457 239 572 271 Petrus
599 240 738 279 ereptus,
764 239 904 273 Jacobus
928 238 986 272 sub
1012 239 1144 271 Herode
1168 241 1339 279 peremtus,

292 287 349 319 10.
374 284 445 318 Lex
471 287 566 319 datur
589 287 623 318 in
650 285 736 327 Sina,
761 287 893 319 veniens
918 295 976 319 rex
998 287 1124 327 judicat
1147 286 1233 327 bina,

375 333 520 374 Corpora
543 338 727 368 sanctorum
753 344 824 369 cnm
849 335 977 368 Christo
1002 336 1129 376 sepulta
1152 337 1332 375 resurgunt,

374 380 475 415 Latro
503 382 596 414 dulce
620 386 728 416 tamen
752 383 938 423 paradisum
964 384 1097 424 suscipit
1119 383 1235 417 Amen.

375 429 438 461 Per
462 430 524 462 hoc
550 431 709 463 dictamen
734 440 792 464 nos
817 432 921 464 salvet
944 428 1060 464 flamen
1085 433 1116 463 et
1139 430 1251 463 Amen.

247 495 318 523 God.
345 494 374 524 S.
399 496 534 524 Floriani
552 497 598 524 XI
623 493 680 525 369
706 505 780 526 saec.
802 495 847 525 14.
868 498 902 525 A.
922 513 961 518 —-
982 497 1052 526 Cod.
1072 497 1168 526 Palat.
1187 496 1391 525 vindobonen.
1412 494 1488 524 3593

170 541 246 562 saec.
270 532 313 562 15.
333 535 368 562 B.
389 550 426 554 —
444 533 465 562 4
484 533 558 562 fehlt
570 535 603 562 B.
620 549 656 554 —-
673 533 709 563 10
718 535 834 570 judicat
845 537 925 570 vina,
946 536 1002 564 lies
1017 536 1095 570 bina,
1117 535 1144 562 d.
1158 535 1186 563 h.
1201 537 1286 563 vivos
1300 537 1330 562 et
1342 537 1487 570 mortuos3

169 571 244 599 fehlt
262 573 295 600 B.
314 588 354 592 —
376 570 410 600 11
435 573 511 601 fehlt
529 573 561 600 Β.
583 589 621 593 —
645 570 680 601 13
700 573 774 602 fehlt,
792 573 826 602 A.
847 590 886 594 —
904 574 1104 603 Unmittelbar
1124 574 1230 602 vorher
1250 573 1321 609 geht
1338 576 1371 602 in
1390 574 1416 602 A
1435 574 1488 601 fol-

169 610 263 646 gende
282 611 512 640 Kalendernotiz
539 612 586 639 fiir
612 613 668 640 den
696 610 741 640 25.
761 613 844 640 Mai-z
867 612 926 647 (die
946 612 1114 640 erwahnten
1133 613 1231 640 Daten
1251 611 1318 639 sind
1337 621 1403 640 zum
1422 612 1489 640 Teil

170 657 230 676 von
251 649 307 676 den
328 650 436 685 obigen
455 650 671 685 verschiedenj:
698 651 774 679 VIII
793 651 860 680 Kal.
881 652 951 688 Apr.
973 651 1162 680 annunciatio
1184 652 1306 679 sanctae
1325 651 1439 679 Mariae
1461 653 1491 677 et,

170 688 271 722 passio
291 688 413 716 Domini
434 692 464 716 et
483 689 639 717 decollatio
660 691 757 717 sancti
775 689 882 717 Jacobi
903 689 1039 726 apostoli,
1060 690 1159 717 fratris
1179 689 1310 717 Domini.
1349 690 1419 726 Ipso
1441 689 1488 716 die

171 725 295 753 mundus
317 728 431 754 creatus
453 729 504 761 est,
525 727 620 755 Adam
639 728 781 755 formatus
802 729 832 755 et
850 730 1004 762 animatus,
1026 736 1044 755 a
1061 730 1194 763 serpente
1209 727 1347 764 decept-us
1362 731 1391 756 et
1405 736 1489 755 cruce

170 763 353 800 redemptus,
381 765 457 792 Abel
484 766 612 801 occisus,
640 766 729 803 periit
748 767 780 793 in
800 766 910 794 diluvio
933 766 1072 800 mundus,
1100 767 1215 794 interiit
1234 765 1363 794 Sodoma
1382 768 1412 795 et
1430 766 1487 794 Go-

172 802 297 833 morrha„
320 803 408 831 Isaac
426 803 602 838 immolatur,
624 804 736 839 Joseph
757 804 910 838 venditus,
931 804 1048 833 Pharao
1068 806 1100 832 in
1119 813 1201 832 mare
1221 812 1341 840 mersus,
1364 805 1488 833 Samson

172 841 260 874 obiit,
281 840 356 869 latro
378 842 547 876 paradisum
566 841 706 878 possedit,
729 842 833 870 Petrus
857 851 876 870 a
895 844 1006 872 catenis
1027 842 1170 871 liberatus
1191 845 1242 878 est,
1263 842 1451 880 Jerosolyma
1470 851 1488 870 a

169 878 237 906 Tito
263 882 381 907 vastata
407 882 459 907 est.
498 880 612 908 Dicunt
637 881 726 908 etiam
750 880 858 909 Judaei
885 882 1026 910 hodierno
1058 881 1105 910 die
1132 880 1197 909 fieri
1212 880 1357 916 judicium
1377 881 1487 910 mundi.

170 916 237 954 rgl.
258 916 403 945 Analecta
422 918 519 947 XIVb
539 918 569 946 S.
593 918 657 947 171.

502 1038 528 1069 6.
567 1039 602 1071 111
622 1040 748 1072 laudem
769 1040 948 1074 Dominicae
968 1041 1160 1074 nativitatis.

487 1111 518 1143 1.
544 1110 569 1143 Ο
594 1111 690 1145 beata
711 1114 815 1153 gaude
838 1112 985 1154 infantia,

545 1158 611 1192 Sed
636 1162 668 1191 et
691 1162 834 1201 gaudens
862 1161 971 1193 doleas
995 1162 1129 1201 pariter,

543 1207 731 1247 Aggredere
755 1211 868 1241 sancta
888 1210 1043 1250 mysteria

544 1255 712 1288 Pereuntis
736 1256 849 1288 mundi
873 1256 1023 1289 letaliter.

543 1302 616 1335 Jam
641 1306 776 1344 paterna
800 1304 980 1345 adimplens
1006 1306 1118 1338 nuntia

544 1350 658 1384 Gaude
682 1352 776 1384 simul
802 1355 834 1383 et
860 1353 932 1385 dole
956 1351 1082 1396 flebilis,

545 1397 685 1433 Grandis
707 1400 790 1431 enim
815 1400 874 1432 tibi
899 1403 1001 1433 restat,
1025 1401 1077 1433 via

543 1446 687 1479 Nascens
711 1456 837 1489 pauper
860 1457 971 1482 servus
997 1452 1030 1480 et
1053 1449 1192 1484 humilis.

486 1505 517 1535 2.
544 1504 575 1536 A
601 1504 709 1545 vagitu
735 1514 839 1537 sumas
866 1505 997 1539 exordia

544 1551 663 1592 Nilque
685 1561 839 1592 spernens
864 1556 993 1587 nostrae
1015 1555 1173 1595 miseriae,

544 1598 635 1641 Vagi,
662 1598 780 1642 infans,
806 1601 891 1633 inter
914 1603 1093 1644 praesepia,

544 1646 608 1679 Sed
634 1648 742 1680 oscula
765 1650 821 1689 pia
848 1649 926 1681 dans
952 1649 1077 1683 Mariae

545 1694 665 1737 Solare,
691 1706 764 1729 nam
785 1697 887 1737 patris
912 1698 1048 1739 imperia

541 1742 764 1776 Decreverunt
789 1745 910 1777 cruoris
935 1749 967 1778 te
992 1747 1087 1779 stillis

540 1791 613 1824 Jam
637 1791 791 1833 perfundi
816 1802 913 1833 super
938 1793 1063 1835 altaria,

542 1839 602 1879 Qui
623 1843 718 1873 natus
744 1850 777 1873 es
798 1850 922 1882 pauper
947 1844 980 1874 et
1001 1843 1141 1876 humilis

484 1898 516 1932 3.
542 1897 596 1929 Ad
616 1898 767 1938 gaudium
792 1899 923 1931 reduxit
945 1900 1051 1942 litera,

540 1944 624 1977 Nam
649 1945 818 1980 confestim
842 1948 965 1981 alacres
990 1950 1152 1989 prodeunt

540 1993 645 2035 Reges
671 1995 781 2028 Tarsis
806 1994 946 2029 ferentes
971 2006 1105 2031 munera

538 2042 608 2075 Nec
630 2043 792 2076 Herodem
820 2044 971 2086 deinceps
997 2046 1126 2080 adeunt.

536 2092 662 2124 Aurum
686 2091 771 2124 sicut
794 2093 863 2133 regi
888 2103 1002 2135 magno
1031 2095 1158 2136 donant,

539 2139 628 2172 Thus
652 2142 689 2173 ut
710 2140 780 2174 Deo
806 2142 1033 2183 myrrhamque
1058 2152 1128 2176 oum
1152 2144 1217 2177 illis

538 2188 758 2231 Inhumando;
785 2190 866 2223 haec
890 2191 1024 2231 mystice
1049 2195 1165 2225 sonant,

537 2235 622 2278 Tibi,
650 2238 711 2279 qui*
730 2247 763 2270 es
787 2247 913 2279 pauper
938 2242 970 2271 et
995 2239 1134 2275 humilis.

478 2295 511 2327 4.
538 2292 621 2326 Dum
644 2294 776 2328 Simeon
801 2296 937 2329 miratur
961 2296 1042 2330 haec
1065 2301 1165 2339 gesta,

535 2341 656 2375 Laetus
681 2344 795 2384 psallit
819 2347 850 2376 et
874 2345 1033 2386 plaudens
1057 2347 1222 2381 manibus:

537 2390 659 2434 Tendo‚
686 2393 800 2435 inquit,
826 2393 868 2426 ad
893 2394 957 2427 alia
982 2388 1075 2435 festa,

536 2437 743 2474 In'ferendis
768 2451 828 2483 pro
854 2445 887 2475 te
911 2444 1095 2477 muneribus
