1653 2668
755 127 1015 162 -206-

671 250 733 282 130.
775 250 818 281 De
837 250 944 281 sancto
966 248 1104 289 Georgio.

569 333 597 364 1.
627 331 767 374 Fideles,
793 331 856 362 hue
879 330 1045 370 attendite,

631 379 749 412 Christi
774 381 916 410 sanetum
943 377 1074 419 diligite,

631 427 792 459 Mentibus
817 426 910 459 laetis
937 426 1047 458 dieite:

634 474 760 516 Georgi,
785 476 908 513 martyr
931 473 1050 514 inclite,

572 544 603 576 2.
629 543 676 575 Te
700 542 791 574 <lecet
807 542 876 573 laus
902 543 934 572 et
958 540 1068 581 gloria,

632 589 859 623 Praedotatum
883 589 1007 630 militia,

632 639 695 671 Per
721 645 812 677 quem
837 637 943 676 puella
966 636 1054 676 regia

634 685 800 717 Exsistens
826 685 857 716 in
885 684 1016 716 tristitia

576 753 607 785 3.
637 753 750 785 Coram
777 752 914 783 draeone
937 750 1074 790 pessimo

635 800 682 832 Te
706 808 821 839 rogans
846 798 943 831 eorde
965 798 1077 830 intimo

636 847 767 879 Salvata
791 849 840 877 est
862 849 894 877 et
917 846 1020 877 animo

636 894 677 927 Se
701 894 846 926 reddidit
869 893 1021 925 altissimo

572 963 603 994 4.
638 961 714 994 Cum
739 960 846 992 multis
871 959 1063 992 infidelibus.

632 1008 700 1040 Fae
720 1017 794 1048 ergo
819 1008 875 1047 sie,
901 1010 937 1038 ut
962 1007 1082 1039 civibus

631 1056 680 1087 Tu
704 1064 761 1087 nos
786 1055 904 1087 reddas
931 1054 1119 1086 coelestibus

635 1103 762 1135 Nostris
787 1102 904 1134 ablutis
929 1101 1087 1135 sordibus,

571 1172 602 1204 5.
625 1171 672 1203 Ut
695 1169 787 1200 simul
814 1177 882 1200 eum
906 1168 1030 1200 laetitia

634 1217 753 1248 Tecum
777 1216 874 1247 simus
897 1216 931 1247 in
956 1216 1058 1256 gloria

631 1264 810 1304 Nostraque
834 1263 973 1295 reddant
995 1263 1082 1295 labia

631 1311 759 1344 Laudes
785 1310 910 1343 Christo
936 1319 1003 1342 cum
1029 1310 1140 1351 gratia.

316 1376 395 1403 Orat.
415 1385 468 1404 ms.
489 1385 564 1404 saec.
590 1374 661 1404 1“lir„
685 1376 753 1404 Cod.
775 1376 940 1404 Bruxellen.
963 1373 1017 1404 108
1039 1374 1157 1403 12-16,
1178 1375 1212 1402 Λ.
1232 1390 1269 1394 -
1290 1376 1369 1402 Orat.
1390 1383 1443 1402 ms.
1464 1383 1540 1403 saec.

240 1412 283 1441 15.
300 1413 368 1442 Ood.
390 1414 461 1443 bibl.
482 1415 646 1442 Rossianae
666 1423 688 1441 s.
709 1423 737 1441 n.
761 1414 793 1441 B.
814 1429 853 1434 —
872 1413 951 1441 Orat.
971 1423 1024 1441 ms.
1046 1422 1120 1441 saec.
1145 1412 1188 1441 15.
1211 1413 1280 1442 Cod.
1299 1414 1435 1440 Vatican.
1456 1410 1540 1441 376⁸.

238 1453 271 1480 C.
292 1466 329 1471 —-
350 1451 428 1480 Orat.
449 1461 503 1480 ms.
523 1452 718 1488 Anglicanum
737 1460 813 1479 saec.
836 1450 878 1479 15.
902 1452 972 1480 Cod.
992 1452 1126 1480 Parmen.
1147 1452 1241 1480 Palat.
1266 1450 1329 1480 206.
1350 1451 1387 1479 1).
1407 1467 1447 1471 —
1460 1452 1539 1479 Orat.

239 1499 291 1518 ms.
311 1490 505 1526 Anglicanum
525 1498 600 1518 flaee.
622 1488 666 1518 15.
688 1490 756 1518 Cod.
776 1490 909 1518 Pal-men.
931 1490 984 1518 GG
1003 1491 1018 1518 I
1040 1488 1102 1518 124.
1122 1490 1158 1518 E.

316 1525 340 1562 1,
364 1526 437 1556 1--4
456 1529 552 1556 fehlen
573 1528 659 1556 ODE.
680 1543 717 1547 —
737 1526 762 1563 2,
783 1525 800 1556 3
822 1536 909 1564 quam
927 1529 963 1555 A.
982 1543 1019 1548 ·—
1039 1526 1065 1562 3,
1087 1526 1105 1555 2
1125 1537 1167 1564 sq.
1188 1528 1355 1564 umgestellt
1374 1528 1410 1555 D.
1424 1542 1461 1546 —
1474 1525 1501 1562 3,
1522 1527 1540 1554 2

237 1567 280 1594 Te
299 1566 372 1594 fehlt
393 1568 428 1597 υς
456 1570 541 1603 rogat
559 1567 593 1594 A.
613 1581 651 1586 —
671 1564 703 1599 3,
725 1564 742 1594 ‘2³
764 1568 808 1593 est
827 1574 844 1593 a
864 1567 1000 1594 Domino.
1021 1581 1056 1585 —
1077 1564 1108 1600 3,
1130 1565 1150 1594 4
1169 1566 1243 1594 fehlt
1261 1566 1292 1594 C.
1314 1581 1348 1584 —
1369 1564 1401 1599 4,
1419 1564 1434 1593 1
1455 1566 1539 1594 Nun(-

237 1606 269 1632 in
288 1605 383 1632 crucis
403 1605 536 1633 fidelibus
557 1606 594 1640 133
618 1605 660 1633 Ut
679 1613 745 1632 eum
765 1605 876 1632 cunetis
895 1604 1030 1633 fidelibus
1053 1604 1083 1632 C.
1104 1619 1139 1625 -—
1159 1603 1186 1638 4,
1207 1603 1224 1631 2
1244 1605 1302 1632 Fac
1323 1613 1400 1640 ergo,
1421 1605 1454 1631 ut
1475 1613 1539 1631 eum

246 1643 354 1670 *ivibus
374 1643 412 1676 133
433 1643 514 1671 Coeli
530 1644 688 1679 jungamur
708 1643 822 1670 civibus
844 1643 874 1670 C.
895 1659 931 1663 —
951 1641 978 1677 4,
999 1642 1018 1670 4
1037 1644 1142 1671 Mortis
1163 1643 1272 1671 ablatis
1291 1643 1325 1670 A.

675 1772 731 1804 181.
771 1772 814 1803 De
834 1773 940 1803 sancto
964 1769 1103 1803 deraldo.

239 1863 270 1896 1.
298 1864 322 1895 Ο
351 1861 500 1903 Geralde‚
526 1862 639 1904 gaude,
665 1862 794 1904 plaude,

297 1909 354 1941 Vir
378 1911 530 1943 virtutum
556 1910 668 1951 dignus
692 1909 797 1949 laude,

344 1957 417 1990 Non
442 1959 494 1999 sit,
520 1959 573 1999 qui
597 1961 629 1989 te
653 1958 762 1996 sileat3

298 2005 503 2039 claraevallis
527 2007 603 2038 hine
628 2006 774 2038 exsultet-

296 2053 403 2086 Omnis
428 2054 506 2086 ordo
531 2054 578 2086 sie
601 2054 744 2094 resultet,

343 2100 389 2133 Ut
412 2111 471 2134 nee
493 2111 573 2133 unus
597 2104 711 2134 taceat.

243 2168 273 2199 2.
301 2168 373 2199 Huc
396 2169 502 2200 venite
527 2172 558 2200 et
581 2168 699 2209 videte,

301 2214 438 2256 Mecum,
464 2225 589 2257 quaeso,
617 2217 822 2257 congaudete,

341 2262 423 2295 Tota
447 2265 526 2296 coeli
552 2265 648 2305 euria,

295 2309 359 2341 Hie
384 2309 551 2353 Geraldus,
577 2321 669 2353 quem
693 2312 818 2352 tenetis,

299 2357 425 2397 Martyr
450 2358 564 2400 faetus,
589 2363 626 2392 ut
650 2360 777 2399 videtis,

346 2404 410 2438 Sua
431 2407 527 2439 tinxit
549 2408 627 2440 lilia.

916 1862 946 1895 3.
973 1862 1055 1894 Erat
1078 1862 1149 1894 heri
1172 1861 1361 1894 candidatus

972 1909 1015 1942 Et
1041 1918 1079 1941 en
1104 1909 1197 1942 modo
1223 1909 1414 1950 rubricatus,

1020 1957 1096 1989 Flos
1120 1957 1154 1989 in
1178 1955 1289 1989 florem
1313 1958 1459 2001 transiit,

970 2005 1048 2037 Flos
1071 2005 1105 2036 in
1129 2003 1240 2037 florem
1262 2008 1502 2040 transmutatur.

972 2053 1152 2093 Liliumque
1176 2053 1354 2094 decoratur,

1024 2100 1101 2133 Cum
1125 2101 1159 2133 in
1183 2110 1288 2133 rosam
1313 2101 1444 2142 prodiit.

918 2170 949 2201 4.
977 2167 1186 2200 Claraevallis
1209 2171 1338 2200 nostrae
1362 2172 1469 2200 coetus

976 2216 1074 2248 Vobis
1099 2216 1240 2255 psallens
1265 2219 1360 2256 atque
1382 2216 1484 2249 laetus

1023 2264 1128 2296 Mittit
1149 2264 1230 2296 haee
1255 2264 1423 2304 eneennia;

974 2311 1056 2344 Heri
1080 2312 1183 2344 virum
1209 2312 1399 2352 dealbatum,

976 2359 1070 2392 Nune
1094 2360 1218 2392 habetis
1242 2362 1450 2400 purpuratum

1025 2408 1062 2440 In
1089 2409 1217 2441 coelesti
1240 2408 1351 2449 gloria.
