1653 2668
191 245 222 277 8.

172 849 229 883 10,

173 1151 227 1184 11.

174 1453 230 1487 12.

172 1752 228 1786 13.

170 2052 225 2085 14.

169 2353 224 2387 15.

250 243 355 283 Salve,
382 252 506 285 gemma
531 243 732 285 firmamenti,

250 291 462 324 Firmamenti
483 294 550 333 jam
574 292 696 325 recenti

299 340 351 372 Ad
377 342 525 372 ornatum
549 340 665 383 insita3

252 387 404 429 Magnum
430 388 587 421 luminare
611 388 688 431 poli,

252 435 362 468 Minus
386 439 505 476 tamen,
532 437 607 477 quia
630 436 691 469 soli

302 484 457 517 Claritate
485 484 626 519 subdita.

219 572 226 579 .
254 545 359 586 Salve,
386 555 513 587 semper
538 547 647 579 lucens
672 546 757 587 luna,

254 593 352 634 Cujus
377 594 491 627 eadem
513 597 547 626 et
568 603 634 627 una

299 642 373 675 Jam
395 645 503 674 manet
527 642 705 684 integritas,

254 690 324 729 Qua
348 690 476 730 gentilis
499 690 680 723 illustratur

255 739 330 771 Nox
355 738 484 781 erroris,
512 741 542 769 et
567 738 741 770 mundatur

304 786 497 818 Peccantum
525 786 703 826 impuritas

256 848 360 890 Salve,
386 850 484 892 terra,
510 846 569 880 fios
593 850 762 891 terrarum,

255 896 338 928 Nam
364 896 514 928 virtutem
540 896 677 928 aliarum

302 943 444 977 Excedis
470 947 503 976 et
525 943 684 984 speeienr,

253 991 304 1024 De
328 1000 390 1032 qua
416 992 602 1024 conscendit
626 990 697 1023 sous
714 991 802 1023 vitae

253 1039 447 1073 Universam
471 1040 578 1081 rigans
603 1039 665 1071 rite

303 1088 425 1120 Terrae
449 1086 661 1128 superficiem.

255 1149 360 1190 Salve,
387 1158 513 1182 sacrum
537 1153 644 1182 terrae
668 1150 780 1187 lutum,

256 1199 295 1230 In
319 1207 382 1239 qua
408 1197 536 1231 deitatis
560 1200 700 1238 sputum,

302 1246 433 1286 Rigans‚
461 1245 546 1286 quod
571 1247 709 1287 aruerat,

252 1293 424 1327 Honn'nem
451 1294 491 1326 de
512 1296 546 1325 te
570 1292 730 1333 formavit,

259 1342 319 1381 Qui
344 1341 517 1374 humanum
543 1341 732 1374 reformavit

304 1391 443 1430 Plasma‚
470 1389 555 1430 quod
579 1389 731 1430 perierat.

257 1453 363 1492 Salve,
388 1452 452 1484 Dei
474 1452 635 1494 paradise,

257 1500 479 1533 Aeternaliter
503 1500 631 1540 provise

304 1548 460 1580 Nostrum
485 1547 527 1580 ad
552 1547 741 1586 subsidium,

255 1599 342 1635 Quae
372 1596 447 1627 dum
470 1594 628 1628 Christum
655 1594 800 1637 genuisti,

257 1644 392 1685 Lignum
415 1643 501 1676 vitae
524 1642 687 1682 protulisti

304 1692 489 1724 Producens
514 1691 549 1723 in
573 1691 724 1725 medium.

255 1749 361 1792 Salve,
388 1750 457 1782 loce
484 1748 669 1789 voluptatis,

255 1797 342 1837 Quae
365 1805 463 1830 verae
487 1796 645 1829 satietatis

302 1845 448 1879 Emisisti
472 1844 581 1888 filium,

253 1894 338 1927 Dum
365 1896 493 1926 arentes
518 1893 715 1936 irrigantem,

256 1943 408 1977 Sitientes
435 1942 604 1975 satiantem

303 1990 449 2024 Genuisti
474 1989 585 2025 filium,

253 2050 360 2090 Salve,
386 2048 501 2081 mulier
524 2048 630 2089 beata,

253 2099 340 2138 Quae
366 2099 549 2130 constanter
573 2096 714 2129 animata

302 2147 372 2187 Ope
396 2146 499 2178 saneti
523 2145 656 2185 spiritus

253 2196 358 2236 Caput
382 2194 543 2235 serpentis
567 2193 701 2234 antiqui,

252 2243 442 2285 versipellis
469 2244 502 2274 et
524 2241 635 2284 iniqui,

301 2291 507 2325 Constrivisti
531 2288 687 2324 funditus

252 2352 357 2395 Salve,
384 2351 489 2383 mater
513 2348 750 2392 salvandorum,

252 2402 316 2435 Per
340 2408 435 2442 quam
463 2398 558 2440 digne
578 2395 800 2430 defunctorum

297 2449 374 2484 Vita
401 2449 496 2491 digne
521 2446 688 2489 redditur3

805 146 849 183 69

856 404 910 438 16.

861 706 915 739 17.

860 1006 915 1039 18.

862 1308 916 1340 19.

861 1605 915 1638 20.

861 1902 916 1935 21.

860 2204 916 2237 22.

936 245 1037 278 Recte
1062 253 1120 286 per
1143 245 1246 277 Evam
1271 244 1405 285 signata,

934 293 1036 326 Recte
1060 302 1133 326 nam
1155 294 1369 333 interpretata

984 341 1058 374 Eva
1079 341 1148 375 vita
1173 340 1302 375 dicitur,

938 403 1043 444 Salve,
1067 403 1170 436 nostri
1194 412 1249 436 vas
1274 402 1398 444 salutis,

938 452 1026 484 Arca
1050 460 1135 494 vere,
1163 460 1219 484 vas
1244 449 1382 491 virtutis,

986 499 1051 533 Vas
1074 500 1220 531 coelestis
1245 499 1386 541 gratiae3

940 547 1004 580 Vas
1029 548 1072 580 ad
1093 555 1229 588 unguem
1252 547 1434 587 levigatum,

940 596 1005 628 Vas
1026 596 1177 627 decenter
1198 594 1390 628 fabricatum

988 642 1089 676 Manu
1112 642 1299 683 sapientiae.

943 705 1048 748 Salve,
1076 705 1164 744 cujus
1190 705 1321 745 pietatis

942 752 1036 785 Sinus
1061 755 1173 793 patens
1200 762 1270 785 eum
1294 752 1456 786 mundatis

988 801 1033 833 Et
1056 801 1235 833 immundos
1262 800 1400 845 colligit;

941 848 1021 889 Hos,
1046 858 1087 880 ne
1108 848 1190 881 mari
1214 849 1468 891 submergantur,

940 896 1028 937 Illos,
1054 899 1091 928 ut
1115 896 1301 937 eripiantur,

992 944 1108 984 Sieque
1129 944 1252 976 nullum
1277 943 1389 984 abigit.

942 1005 1046 1048 Salve,
1072 1006 1222 1046 princeps
1248 1014 1410 1046 generosa,

942 1052 1051 1094 Stirpe
1075 1053 1153 1086 satis
1178 1053 1326 1094 gloriosa,

994 1100 1133 1134 Illustris
1159 1101 1320 1141 prosapia,

942 1149 1043 1181 Recte
1066 1157 1126 1189 per
1149 1148 1260 1181 Saram
1286 1149 1419 1190 signata,

943 1197 1040 1237 Cujus
1064 1199 1161 1237 partu
1182 1200 1258 1229 sunt
1282 1198 1400 1229 collata

990 1244 1113 1277 Mundo
1138 1245 1223 1277 vitae
1245 1246 1371 1285 gaudia.

944 1307 1048 1349 Salve,
1074 1308 1150 1339 nata
1174 1306 1339 1339 Bathuelis

942 1354 986 1386 Et
1010 1353 1099 1387 felici
1124 1354 1284 1387 Gabrielis

993 1402 1138 1435 Salutata
1162 1401 1291 1444 famine,

942 1451 1035 1483 Isaac
1057 1459 1143 1483 nune
1169 1450 1382 1491 desponsans,

944 1498 1003 1531 Cui
1029 1498 1123 1538 digne
1149 1498 1308 1539 copularis

991 1546 1090 1578 Sacro
1114 1546 1211 1585 plena
1234 1544 1372 1580 fiamine.

943 1602 1048 1643 Salve,
1075 1612 1152 1636 vera
1173 1604 1274 1638 Jacob
1299 1605 1397 1646 scala,

942 1652 1005 1684 Per
1022 1660 1115 1692 quam
1136 1651 1384 1684 conscendentes
1401 1651 1487 1683 mala

992 1698 1109 1732 Mundi
1132 1700 1237 1732 vitant
1261 1700 1364 1743 devia,

944 1747 1029 1779 Dum
1054 1747 1166 1780 effectu
1192 1750 1226 1779 te
1250 1750 1418 1788 sequentes

944 1795 1005 1828 Vel
1029 1804 1089 1835 per
1113 1798 1147 1827 te
1168 1794 1373 1836 proficientes

991 1844 1142 1876 Tendunt
1165 1844 1207 1877 ad
1233 1844 1392 1877 coelestia.

945 1902 1049 1941 Salve,
1076 1902 1172 1945 scala,
1199 1910 1261 1942 qua
1286 1902 1465 1935 ascendunt

945 1949 1203 1991 Contemplantes
1224 1954 1257 1982 et,
1274 1950 1484 1994 descendunt,

992 1998 1076 2031 Dum
1102 1998 1147 2030 eis
1172 1998 1353 2032 humanitas

944 2046 1065 2079 Christi
1088 2055 1148 2087 per
1170 2050 1204 2079 te
1227 2050 1400 2087 reseratur,

942 2094 988 2128 Et
1011 2095 1130 2128 eisdem
1158 2095 1340 2128 declaratur

990 2143 1174 2176 Humanata
1199 2144 1313 2179 deitaS.

942 2202 1048 2242 Salve,
1073 2200 1179 2235 fidelis
1203 2200 1336 2244 fiscella,

943 2250 980 2283 In
1008 2250 1096 2290 cujus
1122 2248 1210 2282 felici
1236 2251 1317 2284 cella

990 2299 1169 2332 Pharaonis
1192 2297 1262 2332 filia

939 2347 1036 2390 Legis
1062 2348 1204 2388 suscepit
1227 2348 1372 2393 latorem,

941 2396 1014 2430 Hoc
1039 2399 1087 2428 est
1112 2405 1204 2429 suum
1228 2397 1465 2439 redemptorem

992 2445 1141 2479 Gentium
1167 2446 1313 2481 eeclesia.
