1653 2668
163 222 195 254 9.
219 215 434 255 Valumbcrni‚
461 210 639 246 Silvestrini

220 267 398 306 Supersunt,
422 265 454 295 et
478 257 648 293 Coelestini

266 313 330 346 Sub
357 311 481 343 diverso
506 307 626 345 habitu,

678 109 936 145 -258—

841 205 897 241 10.
922 203 1044 238 Montis
1069 201 1187 235 olivet-i
1210 201 1320 240 pat-res

925 249 1175 289 Humiliatisque
1198 246 1317 280 fratres

972 298 1037 332 Sub
1066 296 1177 330 eadem
1200 295 1321 336 regula.

526 375 581 408 11.
608 372 725 413 vigent
750 377 874 410 quoqne
899 366 1122 404 Justinienses,

609 420 688 453 Cum
714 418 853 450 candore
876 413 1122 448 Bursfeldenses

658 467 718 499 His
746 465 857 498 diebus
881 462 1012 496 ultimis.

237 549 308 577 Cim.
329 547 480 576 Monacen.
502 544 550 575 (ol.
570 540 710 579 Tegurin)
729 538 835 568 20015.
857 539 928 565 anni
948 534 1081 565 1⁶⁰⁰1'1508.
1103 550 1135 554 -
1160 532 1193 569 4,
1224 530 1239 560 1
1261 530 1415 568 praebent.
1436 544 1473 549 -—

163 588 189 623 9,
212 587 226 616 1
245 587 314 615 Lies
334 583 553 615 Vollumbrosi?
574 595 611 601 —-
632 578 676 616 11,
698 578 715 607 2
731 576 957 606 Zursfeldenses.

399 733 466 764 228.
505 731 550 763 De
571 729 725 763 confluam
742 727 777 759 in
795 727 912 759 itinere
930 721 1227 763 Hierosolymitano.

168 846 201 879 1.
226 842 399 876 Christiani
421 840 556 873 nominis

273 889 399 923 Corruit
421 888 554 928 insigne,

227 938 339 978 Spurci
360 945 476 976 pompa
500 934 649 975 germinis

272 985 318 1017 Et
341 984 442 1025 gentis
465 982 615 1022 indignae

227 1033 349 1073 Regnat
373 1031 407 1063 in
431 1031 619 1071 Jerusalem,

273 1080 348 1118 Quis
373 1077 458 1110 ferro
482 1077 534 1109 vel
557 1078 630 1119 igne

226 1127 340 1160 Deleat
362 1125 569 1166 propaginem

276 1173 399 1206 Sobolis
423 1171 607 1212 malignae?

173 1254 203 1285 2.
232 1249 332 1290 Capta
356 1251 405 1280 est
427 1248 607 1281 haeredit-as

272 1296 446 1330 Pendentis
469 1297 502 1328 in
526 1296 623 1336 ligno,

230 1344 265 1378 si
290 1353 367 1385 quos
392 1344 475 1384 regit
497 1344 615 1376 veritas

278 1393 412 1424 Munere
436 1391 580 1432 benigno,

230 1439 351 1472 Horum
377 1440 479 1471 crucis
503 1442 634 1479 pectora

280 1486 509 1527 Consignentur
533 1486 632 1527 signo,

229 1534 434 1567 Publieeutur
458 1533 574 1566 robora

276 1581 396 1622 Populo
418 1581 566 1622 maligno.

176 1660 206 1692 3.
233 1658 258 1690 Ο
283 1656 397 1690 florens
420 1657 535 1690 milit-ia

279 1705 477 1738 Christianae
501 1706 613 1747 gentis,

233 1752 306 1792 Quis
331 1752 415 1785 ferat
438 1754 611 1794 opprobria

302 1800 434 1833 Saecula
460 1802 608 1845 regentis,

232 1847 404 1881 Ordinetur
428 1850 511 1881 acies

276 1896 389 1936 Populi
416 1897 584 1937 credentis,

232 1943 421 1976 Fabricetur
442 1945 537 1986 aries,

276 1991 399 2024 Dentur
421 1993 492 2025 vela
516 1994 629 2026 ventis.

181 2068 213 2100 4.
238 2066 383 2108 Nostrae,
407 2067 535 2109 fratres,
561 2071 668 2111 vigeat

282 2114 478 2156 Disciplinae
503 2118 615 2159 cultus,

232 2162 301 2196 Pax
323 2164 405 2196 inter
428 2174 486 2197 nos
510 2168 646 2207 maneat,

285 2210 333 2242 Sit
355 2221 468 2245 rancor
490 2212 644 2255 indultuS‚

237 2256 380 2291 sentiant
402 2261 578 2294 Jerusalem

284 2305 423 2340 Gentiles
445 2310 598 2343 tumultus

239 2353 407 2388 Christiani
431 2357 553 2390 roboris

286 2402 401 2438 Vin'les
425 2405 571 2443 assultus,

849 837 881 869 5.
908 835 972 869 Cur
997 842 1074 874 gens
1100 841 1163 864 non
1188 830 1381 871 opprimitur

956 882 1051 915 Vitae
1073 880 1228 919 bestialis,

909 932 977 971 Qua
1001 929 1049 961 sic
1074 928 1193 962 Christi
1217 926 1374 966 premitur

956 977 1057 1011 Sedes
1081 974 1269 1017 principalis
1278 974 1293 1005 2³

908 1027 1044 1059 Factum
1069 1025 1102 1056 in
1126 1021 1340 1063 prostibulum

957 1072 1075 1106 Civitas
1099 1071 1227 1112 regalis,

910 1122 1012 1155 Versa
1037 1122 1086 1152 est
1108 1119 1143 1150 iu
1167 1117 1326 1151 stabulum

956 1168 1076 1202 Domus
1102 1166 1262 1207 specialis

877 1271 884 1277 .
911 1246 941 1279 A
964 1253 1085 1278 summo
1111 1240 1263 1283 pontifice

955 1292 1047 1325 Exiit
1071 1291 1221 1330 edictum,

911 1340 1079 1373 Neminem
1106 1339 1248 1371 detineat

959 1387 1070 1421 Scelus
1095 1387 1147 1419 vel
1173 1386 1335 1427 delictum,

910 1436 1100 1477 Indulgetur
1121 1435 1249 1475 penitus

961 1483 1083 1524 Culpae
1106 1482 1325 1523 maledictum,

913 1532 947 1565 Si
973 1532 1042 1572 quis
1069 1530 1256 1564 occubuerit

959 1580 1021 1614 Per
1045 1580 1108 1612 iter
1132 1579 1300 1612 indictum.

879 1684 885 1692 .
911 1657 1037 1691 Vestris
1062 1656 1117 1697 qui
1141 1655 1314 1688 sceleribus

957 1704 1049 1738 Estis
1073 1704 1222 1745 involuti,

915 1753 1045 1786 Piscina
1068 1752 1246 1793 comparuit

962 1800 1109 1842 Congrua
1134 1800 1240 1840 saluti,

913 1849 951 1881 In
977 1859 1039 1889 qua
1060 1851 1215 1890 quotquot
1238 1847 1392 1890 sanguine

962 1897 1097 1930 Fuerint
1122 1897 1235 1937 abluti,

915 1945 1134 1978 Laetabuntur
1157 1945 1246 1977 illico

965 1992 1094 2027 Coelum
1120 1993 1291 2025 consecuti.

883 2095 890 2103 .
914 2071 1003 2113 Ergo
1028 2071 1057 2103 si
1079 2079 1137 2104 vos
1161 2074 1290 2105 moveat

963 2119 1057 2152 Zelus
1085 2120 1196 2152 domus
1221 2118 1294 2163 Dei,

916 2167 1005 2209 Rogo
1030 2177 1097 2209 vos,
1124 2167 1296 2201 admoneat

966 2216 1054 2249 Illud
1078 2215 1278 2259 Maccabaei,

917 2263 982 2298 Sub
1008 2273 1069 2305 quo
1095 2266 1190 2306 pauci
1215 2265 1332 2298 totiens

965 2312 1121 2347 Vicerunt
1144 2313 1271 2357 Judaei,

917 2361 1022 2395 Valde
1045 2364 1169 2395 mentes
1195 2362 1281 2395 acuit

968 2409 1071 2444 Tanta
1099 2408 1182 2443 form
1212 2421 1231 2445 a
1256 2411 1312 2443 rei.
