1653 2668
196 267 203 276 .
219 271 226 278 .
254 244 374 284 Gaude,
401 243 476 275 Sion
500 240 576 281 filia,

300 291 390 324 Pacis
415 288 627 331 reformatrix,

253 340 302 372 Tu
326 347 377 370 me
400 336 580 375 reconcilia,

299 387 478 426 Pauperum
503 383 646 423 solatrix,

252 435 395 475 Purgans
419 434 452 465 in
475 440 527 464 me
554 431 643 470 vitia,

299 481 413 514 Mundi
438 479 628 520 reparatrix,

253 531 360 564 Meum
384 531 489 561 votum

253 578 326 610 Tibi
350 579 458 608 notum

297 623 393 662 Audi,
419 620 616 662 imperatrix.

218 721 226 729 .
253 695 372 737 Gaude,
399 694 438 726 ab
462 693 553 725 initio

297 743 380 775 Prae
404 741 517 773 saeclis
541 741 657 781 creata,

251 790 335 822 Miro
359 789 525 828 privilegio

296 839 334 871 In
360 845 466 868 omnes
494 836 605 876 ditata,

252 884 379 917 Salubri
403 883 532 915 consilio

295 932 340 964 Es
363 931 613 971 praedestinata,

250 979 356 1012 Mater
380 978 452 1019 Dei,

249 1026 362 1059 Tutrix
387 1026 435 1058 rei

295 1073 342 1106 Ut
364 1073 417 1114 sis,
444 1082 462 1104 o
480 1072 584 1104 beata.

216 1171 223 1179 .
252 1144 373 1183 Gaude,
399 1146 435 1175 ut
457 1146 490 1174 te
515 1142 630 1183 decuit,

298 1191 488 1231 Conceptam
513 1191 651 1222 sacravit

249 1239 348 1278 Deus,
373 1241 446 1278 post
470 1239 550 1270 haee
576 1238 682 1269 docuit

295 1286 371 1317 Vita
394 1286 435 1317 tis
461 1289 492 1317 et
515 1285 613 1325 pavit,

250 1334 360 1366 Scelus
384 1336 474 1364 vetus
499 1333 607 1364 necuit

295 1381 514 1420 Haeresesque
542 1379 665 1419 stravit,

251 1429 331 1460 Nam
359 1428 505 1460 virtutem

248 1476 292 1508 Et
316 1475 449 1507 salutem

297 1522 425 1554 Cunctis
452 1522 690 1554 demonstravit.

214 1621 221 1628 .
250 1594 370 1633 Gaude,
396 1594 455 1626 tibi
478 1593 606 1625 nuntius

293 1641 323 1674 E
349 1641 417 1673 colo
441 1642 574 1682 legatur,

247 1689 344 1721 Juxta
368 1689 466 1720 verba
491 1689 577 1720 ocius

295 1736 359 1768 Sua
382 1736 571 1768 humanatur

246 1785 282 1817 In
306 1787 339 1815 te
359 1783 421 1816 Dei
444 1782 529 1816 filius

291 1831 336 1863 Et
359 1831 552 1872 humiliatur,

245 1879 302 1911 Tis
326 1879 468 1919 ignotum

244 1926 366 1959 Mundo
392 1929 497 1960 votum

292 1975 355 2007 Per
379 1983 471 2015 quem
495 1974 702 2015 approbatur.

210 2071 217 2079 .
244 2045 365 2086 Gaude,
389 2049 497 2077 natum
522 2054 637 2085 parere

290 2092 351 2125 Dei
374 2093 528 2133 meruisti,

244 2140 344 2171 Lacte
368 2143 424 2173 tua
447 2142 535 2173 alere

290 2188 377 2227 Quae
401 2189 496 2229 (ligna
521 2187 620 2229 fuisti,

242 2236 382 2276 Angelos
406 2237 491 2269 hune
515 2245 629 2268 canere

290 2283 335 2315 Et
357 2293 465 2325 magos
489 2285 610 2325 vidisti,

242 2330 289 2362 Te
309 2333 438 2371 optante

241 2378 320 2410 Post
344 2381 376 2409 et
399 2382 473 2411 ante

288 2426 385 2466 Virgo
410 2428 622 2467 permansisti.

729 141 963 177 -gg-

899 240 931 272 8.

871 1143 927 1175 10,

870 1594 925 1627 11.

866 2046 921 2081 12.

959 237 1082 277 Gaude,
1108 246 1247 278 pneuma
1272 236 1381 269 visitat

1004 285 1114 318 Jesum
1140 285 1347 326 baptizatum,

956 333 1001 365 Et
1023 333 1108 366 hune
1131 336 1225 373 pater
1251 333 1393 364 clamitat

1003 380 1089 413 Fore
1114 390 1204 414 suum
1228 383 1349 419 natum,

956 429 1108 461 Eremum
1136 428 1304 466 inhabitat,

1004 476 1088 509 Dein
1114 477 1225 508 mundi
1251 478 1367 507 statum

958 524 1084 564 Verbis,
1111 525 1210 565 signis

957 570 1067 603 Factis
1095 572 1199 612 dignis

1006 618 1108 651 Curat
1133 619 1319 652 sauciatum.

962 690 1085 730 Gaude,
1109 691 1160 723 die
1184 690 1281 721 tertia

1003 738 1034 770 A
1059 741 1163 770 morte
1187 737 1337 778 surrexit,

958 785 1038 818 Suos
1065 794 1135 818 cum
1159 785 1290 817 solertia

1003 832 1054 865 De
1077 833 1176 865 limbo
1202 833 1318 873 evexit,

960 881 1104 914 Christus
1128 889 1208 921 prae
1232 881 1350 912 inertia

1004 928 1160 961 Errantes
1181 928 1303 968 allexit,

958 977 1056 1010 Oaros
1081 979 1163 1017 tuos,

956 1024 1056 1056 11111110
1082 1033 1155 1056 31103

1002 1072 1152 1104 Parando
1171 1070 1324 1110 respexit.

953 1142 1075 1182 Gaude,
1101 1151 1174 1174 suos
1199 1141 1327 1182 penitus

1003 1190 1093 1222 Patri
1118 1189 1348 1229 committebat,

956 1237 1059 1278 Super
1084 1238 1189 1269 coelos
1215 1237 1345 1269 inclitus

1001 1285 1071 1317 Rex
1098 1294 1168 1317 oum
1193 1284 1397 1325 ascendebat,

953 1332 1054 1364 Nobis
1079 1333 1165 1365 vitae
1190 1332 1297 1364 aditus

998 1380 1084 1412 Hine
1108 1379 1294 1421 patefiebat,

952 1428 1021 1467 Qua
1044 1430 1203 1468 potenter,

953 1476 1021 1515 Qua
1045 1476 1231 1515 gaudenter,

998 1522 1099 1564 Euge,
1125 1522 1350 1563 praecedebat.

954 1593 1076 1633 Gaude,
1103 1594 1295 1627 mirabiliter

1000 1640 1145 1674 Perfidos
1171 1642 1256 1674 elisit

950 1689 1057 1729 Pater,
1089 1689 1262 1722 visibiliter

998 1737 1132 1777 Quando
1157 1735 1273 1769 flamen
1299 1737 1384 1768 misit

948 1784 1019 1826 His,
1045 1784 1136 1817 verbi
1161 1793 1239 1825 quos
1265 1785 1402 1817 dulciter

996 1831 1134 1864 Nomine
1157 1832 1276 1875 arrisit,

950 1880 1041 1911 Tune
1063 1880 1188 1912 sincero

947 1928 1055 1967 Atque
1082 1937 1170 1960 mero

997 1974 1138 2008 Duloore
1162 1978 1195 2007 te
1220 1976 1305 2009 visit.

948 2045 1070 2085 Gaude,
1099 2048 1173 2079 dote
1196 2048 1288 2080 varia

994 2094 1082 2127 Deus
1106 2098 1140 2126 te
1165 2095 1305 2128 dotando

948 2143 1133 2183 Assumpsit
1157 2152 1228 2175 cum
1253 2144 1356 2184 gloria

997 2189 1126 2224 Summa
1148 2192 1337 2230 trabeando,

948 2238 1002 2269 Ad
1028 2238 1172 2272 dextram
1198 2240 1232 2271 in
1263 2240 1352 2272 curia

998 2285 1086 2319 Coeli
1112 2288 1308 2330 collocando,

948 2333 1051 2365 Trans
1076 2339 1261 2368 cunctorum

947 2382 1143 2422 Angelorum

996 2429 1117 2463 Choros
1138 2431 1320 2464 exaltando.
