1653 2668
676 108 720 113 —
771 95 932 122 ZDU*

264 188 409 229 Singulos
436 186 591 225 denarios,

261 236 307 268 Ut
330 235 419 268 decet
445 234 615 275 operarios

262 283 353 315 Tunc
376 282 460 323 patri
487 283 644 319 dixerunt,

260 331 321 370 Qui
343 339 436 362 mane
459 332 622 372 venerunt,

156 380 232 412 105.
261 378 323 410 Cur
346 386 440 417 pares
466 375 580 416 fecisti,

258 427 342 464 Quos
365 433 437 457 sero
462 423 642 456 conduxisti

260 472 370 514 Nobis,
399 472 451 512 qui
475 472 671 511 portavimus

257 520 386 552 Pondus
404 519 468 551 diei
492 523 524 551 et
548 522 664 551 aestus

258 567 436 607 Respondit
456 567 511 598 uni
535 570 645 608 pater:

154 616 231 649 110.
257 614 372 647 Nonne
396 622 463 657 ego,
488 613 599 657 frater,

258 661 335 694 Cum
360 663 444 693 omni
469 662 615 701 operario

258 709 398 742 Conveni
423 710 465 741 de
489 710 631 743 denarie.

257 757 347 797 Quod
368 756 510 797 promisi,
536 757 615 789 tolle

256 804 326 836 Nec
347 805 434 837 ultra
456 807 490 836 te
513 805 650 844 extolle,

152 854 229 887 115.
257 852 331 884 Noli
355 860 562 892 murmurare,

256 899 434 932 Novissime
461 900 539 932 dare

257 946 345 979 Sicut
368 948 471 987 primo
498 949 579 988 volo,

257 994 303 1026 Te
327 995 440 1027 audire
464 996 548 1028 nolo.

255 1041 304 1074 Tu
329 1051 473 1083 nequam,
500 1051 556 1084 ego
583 1043 695 1086 bonus,

838 184 916 218 120.
943 183 1071 216 Mecum
1097 182 1150 223 qui
1174 185 1285 223 portat
1310 191 1398 222 onus,

942 231 1081 264 Trabem
1104 231 1199 263 tollat
1224 230 1265 262 de
1289 231 1391 272 oculo,

943 279 1113 311 Pecuniam
1140 278 1181 310 de
1204 279 1318 319 loculo,

943 327 994 359 Ne
1017 335 1112 359 racca
1139 326 1227 359 dicat
1250 325 1356 370 fratri,

941 374 995 407 Sic
1020 383 1112 407 carus
1138 375 1198 406 erit
1222 376 1318 414 patri.

836 424 915 456 125.
942 422 1050 455 Tollat
1073 431 1166 454 omne
1188 422 1311 464 vitium,

943 470 993 501 Ne
1017 470 1131 502 subeat
1153 470 1355 511 supplicium,

942 518 1022 551 Cum
1045 518 1156 550 mundi
1178 517 1219 550 fit
1242 518 1416 552 destructio

940 565 1010 598 Nec
1033 566 1120 598 ultra
1142 564 1181 597 fit
1205 567 1377 607 corruptio.

940 613 1032 646 Tunc
1055 616 1148 646 erunt
1172 614 1276 654 electi,

838 663 915 695 130.
942 662 1001 701 Qui
1026 659 1157 693 fuerunt
1179 660 1327 704 perfecti,

938 709 985 741 Et
1007 713 1101 741 erunt
1125 709 1253 752 abJ'ecti,

940 756 999 796 Qui
1021 766 1084 789 non
1109 759 1183 789 sunt
1205 756 1351 798 perfecti.

939 805 1038 836 Multi
1062 807 1136 837 sunt
1158 805 1278 845 vocati,

940 852 1038 884 Pauci
1064 854 1214 886 coronati.

833 900 915 935 135.
940 900 1060 942 Magna
1085 900 1154 932 dies
1178 901 1246 940 illa,

942 948 1041 986 Quam
1066 956 1146 988 pace
1170 947 1344 988 tranquilla

941 994 1099 1036 Dignetur
1124 999 1300 1037 praestare,

945 1042 1005 1081 Qui
1030 1044 1118 1075 venit
1140 1052 1199 1075 nos
1224 1044 1358 1076 salvare.

231 1117 302 1146 Clm.
324 1118 478 1146 Monacen.
498 1116 546 1153 (01.
567 1116 716 1154 Altahen.)
737 1116 812 1146 7950
834 1127 909 1147 saec.
932 1116 976 1145 12.

586 1266 652 1298 225.
690 1266 838 1297 Planctus
858 1265 1027 1297 Ecclesiae.

790 1346 815 1378 Ι.

152 1444 183 1476 1.
205 1438 261 1474 Ad
283 1443 325 1482 te,
350 1440 494 1482 Domine,
521 1442 625 1474 levavi
833 1443 865 1476 4.
893 1439 1007 1475 Divisa
1030 1440 1087 1474 flet
1110 1442 1302 1484 hierarchia,

255 1489 380 1521 animae
402 1489 603 1529 praecordia,

208 1536 246 1568 In
269 1539 311 1576 te,
337 1536 481 1576 Domine,
508 1538 635 1577 speravi

255 1583 338 1617 Tota
362 1592 432 1615 cum
455 1583 583 1623 fiducia,

206 1632 260 1664 Ad
285 1634 327 1672 te,
353 1631 499 1672 Domine,
526 1632 661 1665 clamavi

254 1678 334 1720 Ego,
359 1677 438 1711 fiens
457 1680 602 1715 ecelesia.

151 1768 181 1798 2.
208 1762 298 1799 Bone
321 1766 421 1806 Deus,
446 1768 479 1797 te
502 1769 611 1798 actore

256 1811 395 1854 Ooncepi
420 1816 452 1844 et
475 1813 578 1854 genui,

210 1860 307 1893 Sacro
333 1860 563 1900 scripturarum
588 1870 661 1894 rore

254 1907 371 1941 Natam
394 1908 517 1948 prolem
540 1908 636 1950 ablui,

208 1955 273 1988 Sed
298 1964 382 1988 nunc
405 1965 456 1988 me
480 1957 607 1997 replent
629 1966 775 1991 moerore

254 2003 331 2036 Nati
356 2004 560 2037 semimortui.

148 2092 180 2124 3.
207 2087 284 2124 cum
309 2090 391 2122 enim
415 2089 525 2122 unicus
550 2089 646 2130 Deus,

253 2137 307 2170 Sic
331 2140 380 2169 est
403 2137 483 2170 fides
507 2139 610 2181 unica,

209 2185 397 2226 Unicusque
421 2195 555 2226 sponsus
579 2195 678 2229 meUS,

254 2233 334 2272 Spes
360 2233 586 2275 ecclesiastica,

208 2280 331 2313 Crescit
354 2285 459 2314 tamen
483 2282 670 2321 pharisaeus

250 2329 296 2362 Et
317 2330 418 2370 pestis
443 2330 653 2364 schismatica.

939 1489 1040 1528 Quam
1064 1488 1220 1522 formarat
1243 1491 1357 1531 gratia,

891 1537 983 1577 Nam,
1011 1537 1107 1577 plena
1130 1538 1205 1569 olim
1229 1539 1343 1578 sophia

940 1584 1090 1626 Salonam,
1113 1585 1250 1618 Graecia

892 1632 1037 1665 Romana
1060 1634 1173 1665 relicta
1196 1634 1250 1666 via

939 1680 1069 1713 Secedit
1091 1690 1150 1721 per
1174 1681 1279 1715 devia.

857 1793 866 1800 .
892 1763 997 1800 Erant
1021 1767 1105 1799 enim
1127 1767 1354 1808 Philippenses

937 1815 1030 1848 Pauli
1052 1815 1211 1855 quondam
1235 1814 1305 1856 filii,

891 1862 994 1895 Erant
1018 1862 1328 1907 Thessalonicenses,

940 1909 1057 1952 Galati,
1086 1910 1252 1953 Corinthii,

889 1958 1018 1990 Absunt
1044 1957 1169 1997 Graeci,
1196 1959 1410 2003 Colossenses‚

938 2006 1056 2038 Vatum
1081 2006 1157 2039 olim
1182 2007 1269 2040 socii.

858 2116 865 2124 .
891 2088 1036 2125 Fletibus
1060 2101 1160 2134 genae
1184 2093 1362 2128 funduntur

937 2139 982 2173 Et
1007 2141 1104 2174 corda
1129 2142 1286 2184 suspiriis,

893 2187 977 2220 Dum
1004 2189 1158 2230 epistolae
1182 2190 1331 2232 leguntur

936 2236 1030 2269 Pauli
1053 2235 1158 2270 factae
1182 2239 1308 2280 studiis,

892 2284 979 2323 Quae
1001 2284 1157 2326 praefatis
1184 2286 1366 2327 diriguntur

937 2331 1054 2373 Lapsis
1078 2343 1163 2367 nuno
1188 2335 1342 2370 ecclesiis.
