1653 2668
684 128 847 165 -186
904 149 941 155 —-

163 233 195 264 2.
222 229 366 269 Salve,
391 238 466 261 arca
488 237 598 260 urnam
625 229 762 267 gestans,

220 279 305 316 Quae
314 280 363 308 est
369 285 483 309 manna
490 284 595 308 verum
602 278 777 317 praestans,

218 325 308 356 Vena
332 323 429 356 fontis
453 324 485 355 in
510 322 706 362 Bethlehem,

219 372 316 411 Quem
341 371 409 403 sitit
431 380 488 403 rex
512 370 688 404 Jerusalem

264 420 345 452 Prae
371 419 490 450 cunctis
516 418 610 449 claris
634 416 768 457 poculis.

218 467 320 509 Salve,
349 465 517 498 benedicta
539 465 646 504 tellus,

218 515 256 546 In
281 523 343 554 qua
367 513 522 553 requievit
545 512 657 555 vellus,

219 563 256 594 In
282 560 365 601 quod
390 561 472 592 sicut
496 569 547 592 ros
573 559 739 592 descendit

216 608 313 648 Deus,
337 615 447 647 pacem
474 608 525 647 qui
549 607 699 647 rependit

259 655 435 689 Jncundam
463 655 579 686 nostris
604 654 713 686 oculis.

156 736 163 744 ,
180 739 187 746 .
215 712 358 754 Gaude,
373 713 470 752 stirps
483 711 773 752 praeclaraDavid,

212 760 307 793 Unde
329 759 422 791 nobis
445 759 615 799 pullulavit

213 808 291 839 Tam
302 807 422 849 ingens,
437 809 500 838 tam
514 807 631 838 multus
640 805 772 851 fructus,

209 855 275 894 Quo
301 853 427 894 fugatur
452 855 552 886 omnis
577 855 691 894 luctus,

259 901 348 933 Dans
372 902 459 933 vitae
483 902 567 934 dona
590 902 708 934 suavia.

213 949 333 989 Gaude,
358 958 494 989 namque
516 949 681 981 beatorum

208 996 350 1036 Quinque
373 999 408 1028 tu
433 997 646 1036 apostolorum

209 1046 316 1083 Atque
339 1043 470 1086 Joseph,
494 1044 573 1083 justi
596 1044 669 1086 viri,

211 1090 275 1123 Sed
297 1094 329 1122 et
352 1092 464 1122 summi
488 1091 550 1123 Dei
575 1091 648 1123 miri

257 1138 302 1170 Es
327 1138 399 1170 avia
424 1139 596 1172 carissima.

839 229 871 260 4.
897 226 993 266 Eja‚
1020 227 1124 266 gaude
1148 235 1270 258 summa
1290 225 1396 267 laude,

900 274 978 313 Quia
1001 277 1133 306 sanctae
1158 277 1231 306 tuae
1254 273 1395 316 plantae,

896 322 975 353 Tres
998 321 1133 366 Mariae,
1160 322 1252 355 nobis
1277 322 1351 361 piae

894 370 988 402 Hanc
1011 371 1177 409 septenam
1201 370 1271 402 Deo
1297 369 1426 409 plenam

941 416 1067 448 Enixae
1092 420 1166 449 sunt
1192 417 1384 457 prosapiam.

896 464 1026 497 Cunctis
1051 465 1161 505 nuptis
1186 466 1259 505 plus
1284 464 1391 506 beata,

896 511 1081 543 Infecundis
1102 513 1173 552 plus
1201 513 1321 555 dotata,

892 560 982 592 Inter
1007 562 1098 592 natas
1123 561 1290 592 mulierum

893 606 992 639 Nulla
1014 616 1077 647 par
1101 611 1159 650 est,
1186 609 1247 640 hoc
1271 610 1320 639 est
1337 615 1460 645 verum,

937 654 1031 695 Huic,
1056 658 1093 687 ut
1117 656 1249 688 salutem
1278 656 1414 695 capiam.

856 737 863 744 .
890 712 957 744 Fac
973 721 1034 753 me,
1059 713 1164 754 Anna,
1185 713 1314 753 dignum
1332 722 1458 753 manna,

890 760 996 792 Adsta
1020 761 1137 801 suavis,
1164 761 1245 792 nulli
1269 760 1387 801 gravis,

890 807 946 839 Me
970 810 1068 851 tuere,
1096 807 1149 840 fac
1173 808 1294 840 habere

891 855 993 887 Dulce
1017 864 1109 888 omen
1133 859 1222 887 tuum
1247 864 1375 895 nomen,

941 903 1031 942 Quod
1058 903 1144 936 idem
1170 907 1218 935 est
1235 913 1329 944 quam
1346 903 1459 943 gratia.

891 951 915 984 O
939 953 1077 990 patrona
1099 952 1167 994 pia,
1193 952 1287 995 bona,

892 998 969 1030 Cum
994 1002 1059 1030 tam
1084 1002 1176 1040 grata
1200 999 1303 1039 stirpe
1327 1001 1404 1030 nata

889 1046 945 1077 Me
970 1046 1113 1086 guberna
1135 1048 1176 1079 ad
1202 1055 1350 1087 superna,

888 1093 954 1133 Quo
979 1102 1037 1124 rex
1062 1102 1198 1134 praepos
1223 1097 1295 1126 tuus
1320 1102 1420 1134 nepos

940 1140 1007 1173 Dat
1030 1142 1175 1173 omnibus
1201 1142 1325 1176 solatia.

225 1203 304 1230 Orat.
325 1211 377 1230 ms.
397 1204 582 1231 Lehmnense
602 1205 672 1231 anni
694 1202 776 1234 1518.
798 1204 867 1233 Cod.
887 1206 1052 1234 Berolinen.
1073 1206 1143 1234 1V0.
1165 1205 1211 1234 29.

599 1295 660 1327 156.
700 1296 745 1328 De
765 1298 878 1329 sancta
896 1298 995 1329 Anna.

174 1393 179 1399 .
205 1366 299 1398 Felix
323 1366 427 1409 Anna,
453 1366 522 1398 Deo
548 1375 632 1408 cara,

206 1413 312 1445 David
338 1412 404 1446 filia
427 1414 604 1454 praeclara,

205 1461 282 1493 Orta
306 1460 392 1492 tribu
417 1462 457 1494 de
481 1462 581 1501 regali

204 1508 309 1540 Mixta
334 1517 403 1540 cum
428 1509 628 1542 sacerdotali.

170 1591 176 1596 .
202 1565 284 1597 Dum
310 1565 416 1598 divine
440 1567 647 1610 conversariS,

205 1612 354 1645 Gabriele
377 1614 543 1657 nuntiaris,

203 1660 287 1692 Fore
313 1661 407 1701 digna
435 1664 537 1693 mater
564 1670 632 1693 esse

200 1706 389 1740 Reflorentis
414 1709 523 1749 stirpis
548 1708 649 1742 Jesse.

168 1792 173 1798 .
201 1765 286 1804 Quae
309 1765 462 1805 produxit
484 1766 601 1798 mundo
626 1764 746 1808 florem,

201 1813 309 1846 Jesum
334 1813 493 1845 Christum
518 1814 718 1857 salvatorem,

199 1859 338 1900 Fulgens
363 1869 438 1893 arca
462 1863 653 1902 testamenti,

201 1906 335 1939 Gestans
360 1917 471 1941 urnam
496 1910 696 1950 sacramenti,

829 1371 863 1401 4.
888 1369 966 1401 Veri
990 1369 1083 1409 panis
1108 1370 1302 1410 angelorum,

888 1416 957 1448 Cibi
984 1417 1098 1449 civium
1125 1418 1293 1450 coelorum.

885 1463 957 1495 Lux
982 1465 1145 1503 primaeva
1169 1474 1272 1498 novae
1295 1466 1384 1509 legis,

886 1511 998 1544 Dulcis
1024 1521 1084 1545 ava
1107 1514 1220 1545 summi
1248 1513 1342 1554 regiS,

854 1593 860 1599 .
886 1568 959 1611 Eja‚
988 1569 1074 1601 mitis
1100 1573 1261 1611 veterana,

885 1617 1009 1657 Aegras
1034 1621 1140 1650 mente
1163 1627 1261 1659 prece
1285 1627 1372 1659 sana,

888 1663 964 1696 Cum
988 1664 1095 1699 Maria
1118 1666 1173 1706 pia
1195 1668 1273 1698 nata

883 1711 1077 1744 Miserorum
1101 1714 1269 1754 advocata,

853 1796 859 1803 .
884 1768 973 1809 Erga
996 1772 1104 1802 natam
1129 1774 1162 1802 et
1185 1774 1342 1811 nepotem.

886 1816 1038 1849 Obtinere
1060 1818 1153 1850 nobis
1180 1819 1285 1851 dotem

885 1863 969 1896 Cura
992 1866 1236 1898 resurrectionis

884 1911 930 1944 Et
954 1911 1193 1953 glorificationis

479 1969 512 2000 7.
540 1966 714 2007 Corporum
740 1975 773 2000 et
797 1969 983 2010 animarum,

542 2014 690 2047 Claritati
714 2015 880 2049 beatarum

540 2061 716 2103 Jungamur
737 2064 1000 2103 jerarchicarum.

217 2123 288 2151 Ood.
309 2124 338 2152 S.
358 2125 439 2154 Petri
469 2126 669 2163 Salisburgen.
691 2128 709 2155 b
729 2128 773 2157 VI
793 2126 811 2157 3
832 2138 907 2157 saec.
929 2128 974 2160 15.

593 2220 653 2252 157.
692 2221 736 2252 De
757 2223 868 2254 sancta
886 2223 985 2255 Anna.

167 2314 173 2319 .
200 2286 224 2319 O
249 2288 415 2326 praeclara
439 2293 541 2323 mater
565 2292 686 2335 matris,

200 2334 285 2373 Quae
309 2338 453 2377 concepit
479 2339 609 2371 verbum
633 2340 735 2380 patris

195 2381 268 2413 Non
294 2385 513 2418 commixtione
536 2388 634 2419 maris

197 2429 260 2462 Sed
284 2432 320 2461 ut
341 2431 429 2473 virgo
454 2434 633 2476 singularis,

820 2295 851 2327 5.
879 2294 978 2333 Quem
1002 2296 1036 2328 in
1061 2300 1151 2330 utero
1176 2301 1320 2339 portavit

878 2342 1027 2375 Genitrix
1053 2344 1094 2377 de
1118 2347 1220 2387 stirpe
1245 2348 1363 2392 David,

877 2390 1083 2425 Invocantem
1104 2396 1136 2425 te
1162 2397 1280 2429 exaudi

876 2438 922 2471 Et
944 2440 1126 2473 studentem
1150 2447 1224 2476 tuae
1249 2445 1349 2479 laudi.
