1653 2668
712 161 757 169 ..-
804 142 851 178 45
900 162 948 167 -

620 267 667 298 22.
707 266 751 298 De
770 265 880 308 Plagis
901 266 1033 299 Domini.

171 356 202 389 1.
227 355 309 398 Ave,
332 358 409 388 nate
433 356 495 389 Dei
522 357 597 398 vivi,
881 359 911 392 6,
939 360 1019 401 Ave,
1046 358 1162 391 vulnus
1189 357 1294 390 dextri
1318 357 1421 397 pedis,

227 403 277 436 De
302 413 363 444 quo
389 404 527 446 quinque
550 403 653 438 fluunt,
677 405 739 437 rivi
937 406 997 447 Qui
1020 415 1079 439 nos
1104 406 1146 438 ad
1171 414 1330 446 supernae
1353 405 1439 437 sedis

227 451 365 485 Pretiosi
390 452 554 494 sauguinis
942 454 1034 488 Viam
1060 453 1150 487 ducis
1178 453 1356 486 consolatos

226 500 291 533 Pro
316 501 420 533 salute
444 500 589 534 hominis.
937 504 1024 536 Vera
1047 502 1113 535 fide
1140 502 1306 535 solidatos,

168 559 202 591 2.
228 558 310 598 Ave,
339 561 436 598 caput
459 558 640 598 salvatoris,
881 561 912 593 7.
939 561 1019 604 Ave,
1047 560 1161 592 vulnus
1185 558 1279 599 pedis
1302 558 1399 599 laevi,

228 604 366 639 Gestans
389 609 519 648 sertum,
545 607 638 648 proh,
667 607 796 648 doloris,
940 609 1004 641 Per
1029 607 1113 648 quod
1138 607 1247 639 hostes
1272 607 1362 647 prius
1387 606 1475 639 saevi

226 654 291 688 Per
316 654 401 695 quod
428 655 498 687 dire
522 656 720 688 terebratum
938 656 1057 697 Ruunt,
1083 656 1283 689 aemulantur
1307 654 1355 687 rei

228 701 347 735 Exstat
372 703 536 735 cerebrum
561 703 699 737 beatum.
940 705 1004 737 Per
1027 706 1060 736 te
1086 703 1202 736 donum
1226 705 1358 735 sanctae
1383 703 1461 743 spei.

171 761 202 793 3.
229 759 310 798 Ave,
336 760 451 793 vulnus
478 760 611 793 dextrae
634 770 757 803 manuS,
882 763 913 796 8.
939 762 1011 794 Ave
1035 770 1150 802 corpus
1177 760 1296 795 Gluisti
1320 761 1440 793 laesum

228 808 293 841 Per
311 807 396 848 quod
412 812 542 841 nostrae
558 810 672 850 culpae
686 810 799 842 hamus
939 810 983 842 Et
1007 819 1066 850 pro
1092 809 1184 841 nobis
1208 808 1306 849 virgis
1332 817 1469 849 caesum,

227 855 290 889 Est
315 856 489 897 disruptus,
517 865 609 896 quem
633 857 667 889 in
690 867 784 898 pomo
940 857 1068 891 Pallens
1092 858 1127 890 i‘n
1150 860 1308 889 tormento
1333 857 1455 898 mortis,

227 903 353 937 Primus
381 903 550 944 deglulivit
573 905 677 938 homo.
940 906 1037 939 Salva
1060 914 1130 946 1108,
1155 907 1279 938 amator
1303 903 1406 938 fortis.

168 962 200 994 4.
226 962 307 1001 Ave,
335 961 450 993 vulnus
475 971 587 995 manus
611 962 713 1004 levae,
882 965 914 997 9.
940 966 1021 1002 Ave,
1048 963 1176 1002 sanguis
1201 971 1362 1004 generose,

226 1010 291 1042 Per
315 1009 401 1050 quod
427 1009 569 1041 scholam
594 1010 674 1042 lucis
700 1020 798 1043 aevae
937 1011 996 1052 Qui
1020 1009 1140 1043 finxisti
1166 1010 1303 1052 copiose,

226 1056 340 1100 Nobis,
369 1056 506 1100 Christe,
533 1058 712 1100 ostendisti,
938 1059 1029 1099 Riga,
1054 1059 1129 1090 lava
1154 1061 1186 1089 et
1211 1058 1348 1090 emunda

226 1105 312 1137 Dum
336 1109 370 1138 te
392 1103 448 1145 figi
472 1106 657 1146 permisisti.
941 1106 1047 1139 Corda
1069 1108 1181 1139 nostra
1205 1109 1269 1139 tam
1294 1106 1468 1139 immunda.

166 1163 198 1195 5.
225 1164 306 1204 Ave,
332 1162 449 1194 vulnus
474 1163 627 1206 cordiale,
857 1163 912 1197 10.
937 1164 1001 1196 Per
1025 1163 1124 1204 haee,
1150 1163 1288 1203 Christe,
1315 1163 1485 1195 benedicta

224 1210 289 1242 Per
314 1210 399 1251 quod
426 1219 481 1243 ens
507 1211 717 1251 primordiale
940 1211 1081 1244 Vulnera
1104 1210 1165 1243 tibi
1188 1209 1321 1252 inflicta,

223 1256 317 1291 Vitae
342 1260 473 1292 nostrae
499 1259 593 1291 tersit
618 1260 738 1292 luctum
937 1259 1050 1292 Dulcis
1076 1261 1164 1299 Jesu,
1190 1262 1224 1292 te
1248 1268 1405 1300 rogamus,

222 1306 268 1339 Et
292 1306 406 1339 salutis
431 1307 521 1340 auxit
542 1306 689 1341 fructum.
935 1307 1004 1340 Fac
1027 1310 1065 1339 ut
1087 1310 1193 1340 tecum
1217 1307 1411 1349 gaudeamus

652 1365 690 1397 In
715 1364 823 1397 futuro
849 1366 986 1400 saeculo,

244 1438 314 1467 Cod.
335 1439 365 1467 S.
379 1439 462 1467 Petri
477 1440 678 1477 salisburgen.
699 1442 718 1470 b
738 1441 783 1469 VI
801 1439 819 1469 3
839 1448 915 1469 saec.
939 1439 973 1469 15
994 1449 1033 1468 an
1052 1442 1126 1469 zwei
1140 1440 1252 1469 Stellen
1270 1441 1321 1469 fol.
1342 1438 1424 1468 240a
1438 1438 1484 1476 (A)

164 1478 225 1505 und
244 1477 294 1505 fol.
316 1476 400 1505 222a
417 1476 470 1514 (B).
491 1493 529 1498 —
549 1477 575 1513 2,
597 1478 618 1507 4
636 1479 745 1508 Exstat
763 1482 846 1507 tuum
867 1479 1016 1507 cerebrum
1030 1479 1090 1508 AB.
1112 1493 1147 1498 -
1168 1477 1196 1515 4,
1215 1478 1236 1508 4
1254 1478 1306 1516 figi
1326 1480 1406 1507 cruci
1419 1489 1483 1515 per-

163 1516 272 1544 misisti
291 1516 327 1544 A.
348 1530 386 1537 -ι-
406 1515 463 1544 Str.
491 1514 508 1545 5
535 1518 613 1545 nach
641 1515 658 1545 6
678 1518 738 1546 und
759 1517 776 1545 7
799 1519 832 1546 B.
853 1533 890 1538 -—
912 1516 937 1552 6,
959 1515 977 1546 3
998 1519 1165 1546 consolatas
1183 1518 1245 1546 AB.
1265 1532 1303 1536 ——-
1324 1516 1349 1552 6,
1368 1515 1389 1545 4
1408 1518 1481 1545 soli·-

163 1554 248 1582 datas
270 1554 330 1582 AB.
351 1568 390 1574 ——
410 1553 437 1589 7,
458 1553 476 1584 3
497 1556 700 1592 emugulantes
720 1556 754 1590 A,
776 1556 958 1584 aemulantes
978 1556 1011 1584 B.
1031 1571 1070 1575 —
1088 1556 1156 1593 Vgl.
1176 1558 1232 1586 No.
1255 1554 1299 1592 17,
1321 1554 1422 1584 1—10.

593 1704 640 1738 23.
681 1705 725 1737 De
747 1705 867 1739 Christo
890 1707 1047 1739 crucifixo.

275 1796 305 1829 1.
332 1795 488 1840 Adspice,
515 1796 671 1837 mortaliS,
699 1796 760 1829 fuit
783 1806 922 1839 unquam
946 1798 1054 1838 passio
1079 1798 1179 1832 talis?

332 1844 485 1886 Adspice,
513 1845 567 1886 qui
590 1846 720 1886 transis,
747 1846 821 1886 quia
845 1849 881 1878 tu
904 1846 983 1878 mihi
1008 1855 1104 1879 causa
1130 1847 1258 1880 doloris,

333 1892 467 1933 Spretus
493 1895 526 1925 et
548 1893 663 1926 illusus
687 1896 736 1927 sto
762 1903 821 1934 pro
847 1897 880 1926 te
904 1894 1060 1935 sanguine
1083 1894 1184 1939 fusus,

333 1941 397 1982 Sic,
424 1941 528 1983 h0m0‚
557 1942 655 1984 diligo
681 1944 723 1984 te,
750 1943 835 1983 quod
860 1943 967 1983 pendo
992 1943 1124 1976 victima
1148 1952 1207 1984 pro
1232 1946 1274 1977 te.

274 1991 304 2021 5.
332 1989 480 2031 Respice,
506 1990 662 2033 mortalis,
689 2000 749 2031 pro
774 1993 807 2023 te
833 1991 928 2023 datur
952 1992 1058 2024 hostia
1082 1992 1168 2035 talis,

332 2037 504 2071 Peccatum
529 2047 656 2079 sperne,
682 2048 743 2079 pro
769 2048 830 2080 quo
855 2048 927 2072 mea
950 2039 1084 2073 vulnera
1109 2049 1214 2074 cerne.

332 2086 395 2118 Pro
421 2088 454 2118 te
477 2096 591 2127 passus
615 2088 672 2130 ita,
698 2096 758 2128 pro
782 2096 834 2120 me
860 2087 1048 2121 discrimina
1071 2089 1146 2124 vita,

331 2134 384 2167 En
407 2135 528 2168 morior
552 2144 611 2175 pro
636 2138 680 2177 te,
706 2135 792 2177 vide,
818 2137 924 2176 homo,
949 2136 1028 2177 quid
1051 2146 1127 2178 agas
1152 2147 1211 2178 pro
1236 2147 1307 2179 me,

331 2182 378 2216 Ut
402 2182 491 2215 vivas
516 2184 645 2227 morior,
673 2193 736 2217 non
762 2187 811 2216 est
837 2184 966 2217 dilectio
991 2186 1105 2226 major.

247 2230 303 2265 10.
330 2231 452 2271 Plange
475 2231 589 2275 Deum,
615 2232 669 2274 qui
692 2233 817 2273 plangit
842 2242 923 2274 eum,
950 2242 1043 2275 quem
1068 2237 1170 2267 morte
1193 2235 1340 2279 redemit,

332 2279 367 2312 Si
393 2280 477 2312 male
502 2278 618 2323 fecisti,
644 2283 722 2313 tunc
745 2282 872 2322 respice
897 2283 1029 2315 vulnera
1056 2282 1185 2325 Christi,

332 2328 446 2360 Flecte
470 2337 562 2371 genu,
588 2330 691 2371 plora,
720 2329 906 2363 crucifixum
930 2340 1058 2371 semper
1081 2332 1191 2366 adora.

237 2415 306 2443 Cod.
327 2414 537 2444 Altovadensis
560 2414 605 2445 31.
627 2424 704 2446 saec.
728 2415 778 2453 153
805 2418 861 2445 mit
880 2416 932 2445 der
950 2418 1086 2455 Angabe:
1114 2419 1195 2456 „Ista
1212 2423 1306 2450 metra
1325 2425 1480 2461 sequentia

158 2454 267 2484 debent,
286 2455 378 2484 scribi
398 2454 454 2483 sub
475 2454 614 2484 crucifixo
633 2456 720 2484 Dom.
741 2457 777 2487 N.
795 2456 824 2485 J.
847 2453 919 2485 Ch.“
