<?xml version="1.0" encoding="UTF-8"?>
<!DOCTYPE html PUBLIC "-//W3C//DTD XHTML 1.0 Transitional//EN"
    "http://www.w3.org/TR/xhtml1/DTD/xhtml1-transitional.dtd">
<html xmlns="http://www.w3.org/1999/xhtml" xml:lang="en" lang="en">
 <head>
  <title>
</title>
<meta http-equiv="Content-Type" content="text/html;charset=utf-8" />
  <meta name='ocr-system' content='tesseract 3.04.00' />
  <meta name='ocr-capabilities' content='ocr_page ocr_carea ocr_par ocr_line ocrx_word'/>
</head>
<body>
  <div class='ocr_page' id='page_1' title='image "./analectahymnica15drevuoft_00045.png"; bbox 0 0 1653 2668; ppageno 0'>
   <div class='ocr_carea' id='block_1_1' title="bbox 712 134 950 170">
    <p class='ocr_par' dir='ltr' id='par_1_1' title="bbox 712 134 950 170">
     <span class='ocr_line' id='line_1_1' title="bbox 712 134 950 170; baseline -0.008 -9"><span class='ocrx_word' id='word_1_1' title='bbox 712 134 950 170; x_wconf 57' lang='lat'>-42-</span> 
     </span>
    </p>
   </div>
   <div class='ocr_carea' id='block_1_2' title="bbox 246 231 687 274">
    <p class='ocr_par' dir='ltr' id='par_1_2' title="bbox 246 231 687 274">
     <span class='ocr_line' id='line_1_2' title="bbox 246 231 687 274; baseline -0.009 -7"><span class='ocrx_word' id='word_1_2' title='bbox 246 235 289 267; x_wconf 84' lang='lat' dir='ltr'>Et</span> <span class='ocrx_word' id='word_1_3' title='bbox 313 243 392 274; x_wconf 85' lang='lat' dir='ltr'>prae</span> <span class='ocrx_word' id='word_1_4' title='bbox 415 234 503 266; x_wconf 88' lang='lat' dir='ltr'>luctu</span> <span class='ocrx_word' id='word_1_5' title='bbox 529 231 687 270; x_wconf 87' lang='lat' dir='ltr'>deficeret,</span> 
     </span>
    </p>
   </div>
   <div class='ocr_carea' id='block_1_3' title="bbox 248 278 762 323">
    <p class='ocr_par' dir='ltr' id='par_1_3' title="bbox 248 278 762 323">
     <span class='ocr_line' id='line_1_3' title="bbox 248 278 762 323; baseline -0.01 -8"><span class='ocrx_word' id='word_1_6' title='bbox 248 283 297 315; x_wconf 86' lang='lat' dir='ltr'>Tu</span> <span class='ocrx_word' id='word_1_7' title='bbox 318 282 431 315; x_wconf 83' lang='lat' dir='ltr'>videns</span> <span class='ocrx_word' id='word_1_8' title='bbox 455 283 589 313; x_wconf 88' lang='lat' dir='ltr'>matrem</span> <span class='ocrx_word' id='word_1_9' title='bbox 612 278 762 323; x_wconf 87' lang='lat' dir='ltr'>flebilem,</span> 
     </span>
    </p>
   </div>
   <div class='ocr_carea' id='block_1_4' title="bbox 178 328 750 846">
    <p class='ocr_par' dir='ltr' id='par_1_4' title="bbox 178 328 750 846">
     <span class='ocr_line' id='line_1_4' title="bbox 249 328 640 368; baseline -0.01 -6"><span class='ocrx_word' id='word_1_10' title='bbox 249 331 396 363; x_wconf 86' lang='lat' dir='ltr'>Pressam</span> <span class='ocrx_word' id='word_1_11' title='bbox 420 328 640 368; x_wconf 79' lang='lat' dir='ltr'>amaritudine,</span> 
     </span>
     <span class='ocr_line' id='line_1_5' title="bbox 247 375 723 417; baseline -0.011 -7"><span class='ocrx_word' id='word_1_12' title='bbox 247 378 386 411; x_wconf 88' lang='lat' dir='ltr'>Matrem</span> <span class='ocrx_word' id='word_1_13' title='bbox 409 379 475 409; x_wconf 88' lang='lat' dir='ltr'>tam</span> <span class='ocrx_word' id='word_1_14' title='bbox 499 375 723 417; x_wconf 86' lang='lat' dir='ltr'>venerabilem,</span> 
     </span>
     <span class='ocr_line' id='line_1_6' title="bbox 178 422 614 465; baseline -0.011 -6"><span class='ocrx_word' id='word_1_15' title='bbox 178 427 232 459; x_wconf 99' lang='lat'>20.</span> <span class='ocrx_word' id='word_1_16' title='bbox 247 425 383 465; x_wconf 82' lang='lat' dir='ltr'>Dignam</span> <span class='ocrx_word' id='word_1_17' title='bbox 408 422 614 465; x_wconf 86' lang='lat' dir='ltr'>beatitudine,</span> 
     </span>
     <span class='ocr_line' id='line_1_7' title="bbox 248 470 738 512; baseline -0.01 -7"><span class='ocrx_word' id='word_1_18' title='bbox 248 473 366 505; x_wconf 85' lang='lat' dir='ltr'>Videns</span> <span class='ocrx_word' id='word_1_19' title='bbox 391 479 514 512; x_wconf 89' lang='lat' dir='ltr'>quoque</span> <span class='ocrx_word' id='word_1_20' title='bbox 539 470 738 511; x_wconf 87' lang='lat' dir='ltr'>discipulum,</span> 
     </span>
     <span class='ocr_line' id='line_1_8' title="bbox 247 518 654 562; baseline -0.012 -8"><span class='ocrx_word' id='word_1_21' title='bbox 247 523 397 554; x_wconf 79' lang='lat' dir='ltr'>Amatum</span> <span class='ocrx_word' id='word_1_22' title='bbox 422 521 454 551; x_wconf 92' lang='lat' dir='ltr'>et</span> <span class='ocrx_word' id='word_1_23' title='bbox 477 518 654 562; x_wconf 81' lang='lat' dir='ltr'><strong>amabilem,</strong></span> 
     </span>
     <span class='ocr_line' id='line_1_9' title="bbox 247 564 664 609; baseline -0.01 -9"><span class='ocrx_word' id='word_1_24' title='bbox 247 568 393 600; x_wconf 81' lang='lat' dir='ltr'>Fidelem</span> <span class='ocrx_word' id='word_1_25' title='bbox 416 566 478 598; x_wconf 92' lang='lat' dir='ltr'>Dei</span> <span class='ocrx_word' id='word_1_26' title='bbox 502 564 664 609; x_wconf 81' lang='lat' dir='ltr'>famulum,</span> 
     </span>
     <span class='ocr_line' id='line_1_10' title="bbox 247 613 697 656; baseline -0.011 -7"><span class='ocrx_word' id='word_1_27' title='bbox 247 615 433 656; x_wconf 80' lang='lat' dir='ltr'>Johannem,</span> <span class='ocrx_word' id='word_1_28' title='bbox 460 613 525 645; x_wconf 82' lang='lat' dir='ltr'>vita</span> <span class='ocrx_word' id='word_1_29' title='bbox 548 614 697 654; x_wconf 84' lang='lat' dir='ltr'>nobilem,</span> 
     </span>
     <span class='ocr_line' id='line_1_11' title="bbox 178 660 700 701; baseline -0.01 -4"><span class='ocrx_word' id='word_1_30' title='bbox 178 665 232 697; x_wconf 90' lang='lat'>25.</span> <span class='ocrx_word' id='word_1_31' title='bbox 246 663 421 701; x_wconf 84' lang='lat' dir='ltr'>Alloquens</span> <span class='ocrx_word' id='word_1_32' title='bbox 446 660 538 693; x_wconf 89' lang='lat' dir='ltr'>ambo</span> <span class='ocrx_word' id='word_1_33' title='bbox 566 661 700 693; x_wconf 86' lang='lat' dir='ltr'>dulciter</span> 
     </span>
     <span class='ocr_line' id='line_1_12' title="bbox 248 709 587 743; baseline -0.003 -1"><span class='ocrx_word' id='word_1_34' title='bbox 248 710 325 742; x_wconf 84' lang='lat' dir='ltr'>Piae</span> <span class='ocrx_word' id='word_1_35' title='bbox 348 709 434 743; x_wconf 87' lang='lat' dir='ltr'>vocis</span> <span class='ocrx_word' id='word_1_36' title='bbox 460 709 587 741; x_wconf 81' lang='lat' dir='ltr'>oraculo</span> 
     </span>
     <span class='ocr_line' id='line_1_13' title="bbox 248 756 685 796; baseline -0.005 -7"><span class='ocrx_word' id='word_1_37' title='bbox 248 757 481 790; x_wconf 76' lang='lat' dir='ltr'>commendasti</span> <span class='ocrx_word' id='word_1_38' title='bbox 506 756 685 796; x_wconf 82' lang='lat' dir='ltr'>benigniter</span> 
     </span>
     <span class='ocr_line' id='line_1_14' title="bbox 246 803 750 846; baseline -0.006 -9"><span class='ocrx_word' id='word_1_39' title='bbox 246 804 394 845; x_wconf 86' lang='lat' dir='ltr'>Matrem,</span> <span class='ocrx_word' id='word_1_40' title='bbox 422 803 557 844; x_wconf 75' lang='lat' dir='ltr'>Christe,</span> <span class='ocrx_word' id='word_1_41' title='bbox 585 803 750 846; x_wconf 84' lang='lat' dir='ltr'>discipulo,</span> 
     </span>
    </p>
   </div>
   <div class='ocr_carea' id='block_1_5' title="bbox 175 848 801 940">
    <p class='ocr_par' dir='ltr' id='par_1_5' title="bbox 175 848 801 940">
     <span class='ocr_line' id='line_1_15' title="bbox 245 848 801 893; baseline -0.002 -9"><span class='ocrx_word' id='word_1_42' title='bbox 245 852 368 885; x_wconf 72' lang='lat' dir='ltr'>Dicens</span> <span class='ocrx_word' id='word_1_43' title='bbox 398 851 517 884; x_wconf 64' lang='lat' dir='ltr'>matri:</span> <span class='ocrx_word' id='word_1_44' title='bbox 555 848 695 893; x_wconf 73' lang='lat' dir='ltr'>Mulier,</span> <span class='ocrx_word' id='word_1_45' title='bbox 735 860 801 883; x_wconf 79' lang='lat' dir='ltr'>eece</span> 
     </span>
     <span class='ocr_line' id='line_1_16' title="bbox 175 898 800 940; baseline -0.005 -6"><span class='ocrx_word' id='word_1_46' title='bbox 175 902 232 934; x_wconf 81' lang='lat'>30.</span> <span class='ocrx_word' id='word_1_47' title='bbox 246 898 333 940; x_wconf 73' lang='lat' dir='ltr'>filius</span> <span class='ocrx_word' id='word_1_48' title='bbox 358 903 453 938; x_wconf 76' lang='lat' dir='ltr'>tuus5</span> <span class='ocrx_word' id='word_1_49' title='bbox 486 898 600 931; x_wconf 74' lang='lat' dir='ltr'>deinde</span> <span class='ocrx_word' id='word_1_50' title='bbox 624 898 800 938; x_wconf 72' lang='lat' dir='ltr'>discipulo:</span> 
     </span>
    </p>
   </div>
   <div class='ocr_carea' id='block_1_6' title="bbox 179 949 744 1282">
    <p class='ocr_par' dir='ltr' id='par_1_6' title="bbox 179 949 744 1282">
     <span class='ocr_line' id='line_1_17' title="bbox 248 949 533 980; baseline 0 0"><span class='ocrx_word' id='word_1_51' title='bbox 248 957 316 980; x_wconf 79' lang='lat' dir='ltr'>ecoe</span> <span class='ocrx_word' id='word_1_52' title='bbox 339 950 443 980; x_wconf 79' lang='lat' dir='ltr'>mater</span> <span class='ocrx_word' id='word_1_53' title='bbox 464 949 533 980; x_wconf 74' lang='lat' dir='ltr'>tua.</span> 
     </span>
     <span class='ocr_line' id='line_1_18' title="bbox 294 1003 674 1045; baseline -0.005 -8"><span class='ocrx_word' id='word_1_54' title='bbox 294 1004 319 1037; x_wconf 94' lang='grc' dir='ltr'><strong>Ο</strong></span> <span class='ocrx_word' id='word_1_55' title='bbox 345 1004 447 1045; x_wconf 88' lang='lat' dir='ltr'>qualis</span> <span class='ocrx_word' id='word_1_56' title='bbox 472 1003 674 1045; x_wconf 80' lang='lat' dir='ltr'>permutatio,</span> 
     </span>
     <span class='ocr_line' id='line_1_19' title="bbox 247 1051 660 1092; baseline -0.005 -8"><span class='ocrx_word' id='word_1_57' title='bbox 247 1052 272 1084; x_wconf 94' lang='grc' dir='ltr'>Ο</span> <span class='ocrx_word' id='word_1_58' title='bbox 299 1054 418 1092; x_wconf 88' lang='lat' dir='ltr'>quanta</span> <span class='ocrx_word' id='word_1_59' title='bbox 440 1051 660 1091; x_wconf 83' lang='lat' dir='ltr'>inaequalitas,</span> 
     </span>
     <span class='ocr_line' id='line_1_20' title="bbox 247 1099 590 1141; baseline -0.006 -9"><span class='ocrx_word' id='word_1_60' title='bbox 247 1099 272 1132; x_wconf 92' lang='lat' dir='ltr'>O</span> <span class='ocrx_word' id='word_1_61' title='bbox 298 1099 400 1139; x_wconf 86' lang='lat' dir='ltr'>qualis</span> <span class='ocrx_word' id='word_1_62' title='bbox 426 1099 590 1141; x_wconf 86' lang='lat' dir='ltr'>desolatio,</span> 
     </span>
     <span class='ocr_line' id='line_1_21' title="bbox 179 1146 705 1186; baseline -0.008 -6"><span class='ocrx_word' id='word_1_63' title='bbox 179 1149 234 1180; x_wconf 87' lang='lat'>35.</span> <span class='ocrx_word' id='word_1_64' title='bbox 248 1147 272 1179; x_wconf 95' lang='lat' dir='ltr'>O</span> <span class='ocrx_word' id='word_1_65' title='bbox 298 1155 378 1186; x_wconf 88' lang='lat' dir='ltr'>quae</span> <span class='ocrx_word' id='word_1_66' title='bbox 401 1147 512 1178; x_wconf 86' lang='lat' dir='ltr'>matris</span> <span class='ocrx_word' id='word_1_67' title='bbox 537 1146 705 1185; x_wconf 79' lang='lat' dir='ltr'>acerbitas,</span> 
     </span>
     <span class='ocr_line' id='line_1_22' title="bbox 247 1193 744 1226; baseline -0.004 0"><span class='ocrx_word' id='word_1_68' title='bbox 247 1193 330 1226; x_wconf 88' lang='lat' dir='ltr'>Dum</span> <span class='ocrx_word' id='word_1_69' title='bbox 356 1196 460 1226; x_wconf 90' lang='lat' dir='ltr'>custos</span> <span class='ocrx_word' id='word_1_70' title='bbox 484 1194 580 1226; x_wconf 88' lang='lat' dir='ltr'>matri</span> <span class='ocrx_word' id='word_1_71' title='bbox 603 1193 744 1225; x_wconf 78' lang='lat' dir='ltr'>traditur</span> 
     </span>
     <span class='ocr_line' id='line_1_23' title="bbox 244 1241 693 1282; baseline -0.002 -9"><span class='ocrx_word' id='word_1_72' title='bbox 244 1242 308 1274; x_wconf 88' lang='lat' dir='ltr'>Pro</span> <span class='ocrx_word' id='word_1_73' title='bbox 332 1242 483 1282; x_wconf 86' lang='lat' dir='ltr'>magistro</span> <span class='ocrx_word' id='word_1_74' title='bbox 510 1241 693 1281; x_wconf 87' lang='lat' dir='ltr'>discipulus,</span> 
     </span>
    </p>
   </div>
   <div class='ocr_carea' id='block_1_7' title="bbox 246 1288 769 1330">
    <p class='ocr_par' dir='ltr' id='par_1_7' title="bbox 246 1288 769 1330">
     <span class='ocr_line' id='line_1_24' title="bbox 246 1288 769 1330; baseline 0 -9"><span class='ocrx_word' id='word_1_75' title='bbox 246 1289 330 1321; x_wconf 87' lang='lat' dir='ltr'>Dum</span> <span class='ocrx_word' id='word_1_76' title='bbox 356 1298 415 1330; x_wconf 90' lang='lat' dir='ltr'>per</span> <span class='ocrx_word' id='word_1_77' title='bbox 438 1292 573 1321; x_wconf 86' lang='lat' dir='ltr'>matrem</span> <span class='ocrx_word' id='word_1_78' title='bbox 598 1288 769 1328; x_wconf 89' lang='lat' dir='ltr'>suscipitur</span> 
     </span>
    </p>
   </div>
   <div class='ocr_carea' id='block_1_8' title="bbox 175 1336 754 1855">
    <p class='ocr_par' dir='ltr' id='par_1_8' title="bbox 175 1336 754 1855">
     <span class='ocr_line' id='line_1_25' title="bbox 246 1336 723 1377; baseline -0.002 -9"><span class='ocrx_word' id='word_1_79' title='bbox 246 1338 310 1369; x_wconf 89' lang='lat' dir='ltr'>Pro</span> <span class='ocrx_word' id='word_1_80' title='bbox 334 1336 403 1369; x_wconf 89' lang='lat' dir='ltr'>Deo</span> <span class='ocrx_word' id='word_1_81' title='bbox 427 1337 478 1368; x_wconf 83' lang='lat' dir='ltr'>vir</span> <span class='ocrx_word' id='word_1_82' title='bbox 500 1336 723 1377; x_wconf 87' lang='lat' dir='ltr'>pauperculus,</span> 
     </span>
     <span class='ocr_line' id='line_1_26' title="bbox 175 1383 754 1420; baseline 0.002 -5"><span class='ocrx_word' id='word_1_83' title='bbox 175 1386 232 1420; x_wconf 81' lang='lat'>40,</span> <span class='ocrx_word' id='word_1_84' title='bbox 246 1384 330 1415; x_wconf 90' lang='lat' dir='ltr'>Dum</span> <span class='ocrx_word' id='word_1_85' title='bbox 353 1384 447 1416; x_wconf 88' lang='lat' dir='ltr'>matri</span> <span class='ocrx_word' id='word_1_86' title='bbox 474 1383 593 1416; x_wconf 86' lang='lat' dir='ltr'>Christi</span> <span class='ocrx_word' id='word_1_87' title='bbox 617 1384 754 1416; x_wconf 86' lang='lat' dir='ltr'>mittitur</span> 
     </span>
     <span class='ocr_line' id='line_1_27' title="bbox 246 1431 737 1472; baseline 0.002 -8"><span class='ocrx_word' id='word_1_88' title='bbox 246 1433 309 1464; x_wconf 90' lang='lat' dir='ltr'>Pro</span> <span class='ocrx_word' id='word_1_89' title='bbox 333 1440 408 1472; x_wconf 84' lang='lat' dir='ltr'>rege</span> <span class='ocrx_word' id='word_1_90' title='bbox 431 1431 566 1471; x_wconf 82' lang='lat' dir='ltr'>simplex</span> <span class='ocrx_word' id='word_1_91' title='bbox 591 1431 737 1465; x_wconf 83' lang='lat' dir='ltr'>famulus,</span> 
     </span>
     <span class='ocr_line' id='line_1_28' title="bbox 247 1479 666 1522; baseline 0 -12"><span class='ocrx_word' id='word_1_92' title='bbox 247 1479 300 1511; x_wconf 88' lang='lat' dir='ltr'>Sic</span> <span class='ocrx_word' id='word_1_93' title='bbox 323 1481 406 1522; x_wconf 88' lang='lat' dir='ltr'>tuae,</span> <span class='ocrx_word' id='word_1_94' title='bbox 432 1480 453 1512; x_wconf 83' lang='lat' dir='ltr'><strong>J</strong></span> <span class='ocrx_word' id='word_1_95' title='bbox 456 1487 520 1522; x_wconf 89' lang='lat' dir='ltr'>esu,</span> <span class='ocrx_word' id='word_1_96' title='bbox 544 1480 666 1520; x_wconf 87' lang='lat' dir='ltr'>gratiae</span> 
     </span>
     <span class='ocr_line' id='line_1_29' title="bbox 245 1526 693 1560; baseline -0.002 -1"><span class='ocrx_word' id='word_1_97' title='bbox 245 1527 301 1559; x_wconf 89' lang='lat' dir='ltr'>Me</span> <span class='ocrx_word' id='word_1_98' title='bbox 323 1527 505 1560; x_wconf 76' lang='lat' dir='ltr'>commendo</span> <span class='ocrx_word' id='word_1_99' title='bbox 531 1526 693 1559; x_wconf 87' lang='lat' dir='ltr'>humiliter</span> 
     </span>
     <span class='ocr_line' id='line_1_30' title="bbox 245 1574 639 1616; baseline 0.003 -10"><span class='ocrx_word' id='word_1_100' title='bbox 245 1575 394 1616; x_wconf 87' lang='lat' dir='ltr'>Tuaeque</span> <span class='ocrx_word' id='word_1_101' title='bbox 417 1574 639 1615; x_wconf 89' lang='lat' dir='ltr'>providentiae</span> 
     </span>
     <span class='ocr_line' id='line_1_31' title="bbox 175 1622 703 1662; baseline -0.004 -6"><span class='ocrx_word' id='word_1_102' title='bbox 175 1624 231 1656; x_wconf 87' lang='lat'>45.</span> <span class='ocrx_word' id='word_1_103' title='bbox 244 1622 300 1654; x_wconf 85' lang='lat' dir='ltr'>Me</span> <span class='ocrx_word' id='word_1_104' title='bbox 326 1623 485 1655; x_wconf 87' lang='lat' dir='ltr'>committo</span> <span class='ocrx_word' id='word_1_105' title='bbox 510 1623 703 1662; x_wconf 86' lang='lat' dir='ltr'>perenniter,</span> 
     </span>
     <span class='ocr_line' id='line_1_32' title="bbox 244 1670 613 1711; baseline -0.005 -8"><span class='ocrx_word' id='word_1_106' title='bbox 244 1671 290 1703; x_wconf 92' lang='lat' dir='ltr'>Ut</span> <span class='ocrx_word' id='word_1_107' title='bbox 315 1672 467 1703; x_wconf 81' lang='lat' dir='ltr'>exorante</span> <span class='ocrx_word' id='word_1_108' title='bbox 490 1670 613 1711; x_wconf 85' lang='lat' dir='ltr'>virgine</span> 
     </span>
     <span class='ocr_line' id='line_1_33' title="bbox 246 1718 735 1759; baseline 0 -9"><span class='ocrx_word' id='word_1_109' title='bbox 246 1718 309 1750; x_wconf 83' lang='lat' dir='ltr'>Pro</span> <span class='ocrx_word' id='word_1_110' title='bbox 333 1718 425 1750; x_wconf 89' lang='lat' dir='ltr'>nobis</span> <span class='ocrx_word' id='word_1_111' title='bbox 450 1720 514 1749; x_wconf 83' lang='lat' dir='ltr'>stet</span> <span class='ocrx_word' id='word_1_112' title='bbox 537 1719 735 1759; x_wconf 78' lang='lat' dir='ltr'>suppliciter,</span> 
     </span>
     <span class='ocr_line' id='line_1_34' title="bbox 244 1766 648 1805; baseline 0.002 -8"><span class='ocrx_word' id='word_1_113' title='bbox 244 1766 275 1797; x_wconf 85' lang='lat' dir='ltr'><strong>A</strong></span> <span class='ocrx_word' id='word_1_114' title='bbox 294 1768 496 1805; x_wconf 85' lang='lat' dir='ltr'>peccatorum</span> <span class='ocrx_word' id='word_1_115' title='bbox 520 1766 648 1798; x_wconf 88' lang='lat' dir='ltr'>turbine</span> 
     </span>
     <span class='ocr_line' id='line_1_35' title="bbox 246 1812 625 1855; baseline 0.003 -10"><span class='ocrx_word' id='word_1_116' title='bbox 246 1812 349 1845; x_wconf 89' lang='lat' dir='ltr'>Simus</span> <span class='ocrx_word' id='word_1_117' title='bbox 373 1813 478 1846; x_wconf 84' lang='lat' dir='ltr'>securi</span> <span class='ocrx_word' id='word_1_118' title='bbox 498 1813 625 1855; x_wconf 87' lang='lat' dir='ltr'>jugiter.</span> 
     </span>
    </p>
   </div>
   <div class='ocr_carea' id='block_1_9' title="bbox 461 1919 515 1951">
    <p class='ocr_par' dir='ltr' id='par_1_9' title="bbox 461 1919 515 1951">
     <span class='ocr_line' id='line_1_36' title="bbox 461 1919 515 1951; baseline -0.019 0"><span class='ocrx_word' id='word_1_119' title='bbox 461 1919 515 1951; x_wconf 88' lang='lat' dir='ltr'>IV.</span> 
     </span>
    </p>
   </div>
   <div class='ocr_carea' id='block_1_10' title="bbox 174 1986 717 2462">
    <p class='ocr_par' dir='ltr' id='par_1_10' title="bbox 199 1986 618 2077">
     <span class='ocr_line' id='line_1_37' title="bbox 199 1986 618 2028; baseline 0 -9"><span class='ocrx_word' id='word_1_120' title='bbox 199 1986 231 2019; x_wconf 86' lang='lat'>1.</span> <span class='ocrx_word' id='word_1_121' title='bbox 246 1987 332 2028; x_wconf 86' lang='lat' dir='ltr'>Jesu,</span> <span class='ocrx_word' id='word_1_122' title='bbox 359 1986 460 2026; x_wconf 88' lang='lat' dir='ltr'>patris</span> <span class='ocrx_word' id='word_1_123' title='bbox 484 1986 618 2026; x_wconf 84' lang='lat' dir='ltr'>ingeniti</span> 
     </span>
     <span class='ocr_line' id='line_1_38' title="bbox 244 2033 599 2077; baseline 0.008 -14"><span class='ocrx_word' id='word_1_124' title='bbox 244 2033 353 2066; x_wconf 88' lang='lat' dir='ltr'>Virtus</span> <span class='ocrx_word' id='word_1_125' title='bbox 379 2036 410 2065; x_wconf 86' lang='lat' dir='ltr'>et</span> <span class='ocrx_word' id='word_1_126' title='bbox 434 2034 599 2077; x_wconf 86' lang='lat' dir='ltr'>sapientia,</span> 
     </span>
    </p>

    <p class='ocr_par' dir='ltr' id='par_1_11' title="bbox 244 2081 643 2172">
     <span class='ocr_line' id='line_1_39' title="bbox 244 2081 642 2121; baseline 0.008 -9"><span class='ocrx_word' id='word_1_127' title='bbox 244 2081 322 2113; x_wconf 83' lang='lat' dir='ltr'>Jesu</span> <span class='ocrx_word' id='word_1_128' title='bbox 347 2082 497 2121; x_wconf 85' lang='lat' dir='ltr'>cujusque</span> <span class='ocrx_word' id='word_1_129' title='bbox 522 2083 642 2115; x_wconf 87' lang='lat' dir='ltr'>conditi</span> 
     </span>
     <span class='ocr_line' id='line_1_40' title="bbox 244 2129 643 2172; baseline 0.005 -12"><span class='ocrx_word' id='word_1_130' title='bbox 244 2129 350 2160; x_wconf 84' lang='lat' dir='ltr'>Tenor</span> <span class='ocrx_word' id='word_1_131' title='bbox 375 2133 407 2161; x_wconf 82' lang='lat' dir='ltr'>et</span> <span class='ocrx_word' id='word_1_132' title='bbox 432 2130 643 2172; x_wconf 79' lang='lat' dir='ltr'>consistentia,</span> 
     </span>
    </p>

    <p class='ocr_par' dir='ltr' id='par_1_12' title="bbox 199 2176 717 2410">
     <span class='ocr_line' id='line_1_41' title="bbox 199 2176 598 2210; baseline 0.005 -2"><span class='ocrx_word' id='word_1_133' title='bbox 199 2176 229 2209; x_wconf 93' lang='lat'>5.</span> <span class='ocrx_word' id='word_1_134' title='bbox 244 2176 293 2208; x_wconf 90' lang='lat' dir='ltr'>Tu</span> <span class='ocrx_word' id='word_1_135' title='bbox 317 2176 436 2209; x_wconf 84' lang='lat' dir='ltr'>virtute</span> <span class='ocrx_word' id='word_1_136' title='bbox 459 2178 598 2210; x_wconf 88' lang='lat' dir='ltr'>mirabili</span> 
     </span>
     <span class='ocr_line' id='line_1_42' title="bbox 244 2224 655 2267; baseline 0.01 -12"><span class='ocrx_word' id='word_1_137' title='bbox 244 2224 348 2256; x_wconf 89' lang='lat' dir='ltr'>Panes</span> <span class='ocrx_word' id='word_1_138' title='bbox 373 2225 655 2267; x_wconf 84' lang='lat' dir='ltr'>multiplicaveraS,</span> 
     </span>
     <span class='ocr_line' id='line_1_43' title="bbox 245 2271 617 2306; baseline 0.008 -3"><span class='ocrx_word' id='word_1_139' title='bbox 245 2271 295 2303; x_wconf 86' lang='lat' dir='ltr'>Tu</span> <span class='ocrx_word' id='word_1_140' title='bbox 318 2272 436 2305; x_wconf 86' lang='lat' dir='ltr'>virtute</span> <span class='ocrx_word' id='word_1_141' title='bbox 461 2275 617 2306; x_wconf 85' lang='lat' dir='ltr'>consimili</span> 
     </span>
     <span class='ocr_line' id='line_1_44' title="bbox 245 2319 717 2365; baseline 0.006 -13"><span class='ocrx_word' id='word_1_142' title='bbox 245 2319 377 2352; x_wconf 87' lang='lat' dir='ltr'>Stellam</span> <span class='ocrx_word' id='word_1_143' title='bbox 401 2320 508 2353; x_wconf 87' lang='lat' dir='ltr'>infans</span> <span class='ocrx_word' id='word_1_144' title='bbox 532 2323 717 2365; x_wconf 79' lang='lat' dir='ltr'>reduxeraS,</span> 
     </span>
     <span class='ocr_line' id='line_1_45' title="bbox 244 2366 666 2410; baseline 0.012 -12"><span class='ocrx_word' id='word_1_145' title='bbox 244 2366 420 2400; x_wconf 78' lang='lat' dir='ltr'>Defunctos</span> <span class='ocrx_word' id='word_1_146' title='bbox 445 2369 666 2410; x_wconf 84' lang='lat' dir='ltr'>suscitaveraS,</span> 
     </span>
    </p>

    <p class='ocr_par' dir='ltr' id='par_1_13' title="bbox 174 2415 614 2462">
     <span class='ocr_line' id='line_1_46' title="bbox 174 2415 614 2462; baseline 0.011 -15"><span class='ocrx_word' id='word_1_147' title='bbox 174 2415 229 2447; x_wconf 89' lang='lat'>10.</span> <span class='ocrx_word' id='word_1_148' title='bbox 244 2415 351 2455; x_wconf 87' lang='lat' dir='ltr'>Opera</span> <span class='ocrx_word' id='word_1_149' title='bbox 374 2417 456 2449; x_wconf 88' lang='lat' dir='ltr'>mira</span> <span class='ocrx_word' id='word_1_150' title='bbox 480 2416 614 2462; x_wconf 84' lang='lat' dir='ltr'>feceras,</span> 
     </span>
    </p>
   </div>
   <div class='ocr_carea' id='block_1_11' title="bbox 859 421 913 454">
    <p class='ocr_par' dir='ltr' id='par_1_14' title="bbox 859 421 913 454">
     <span class='ocr_line' id='line_1_47' title="bbox 859 421 913 454; baseline -0.037 0"><span class='ocrx_word' id='word_1_151' title='bbox 859 421 913 454; x_wconf 82' lang='lat'>15.</span> 
     </span>
    </p>
   </div>
   <div class='ocr_carea' id='block_1_12' title="bbox 857 660 913 692">
    <p class='ocr_par' dir='ltr' id='par_1_15' title="bbox 857 660 913 692">
     <span class='ocr_line' id='line_1_48' title="bbox 857 660 913 692; baseline 0 0"><span class='ocrx_word' id='word_1_152' title='bbox 857 660 913 692; x_wconf 85' lang='lat'>20.</span> 
     </span>
    </p>
   </div>
   <div class='ocr_carea' id='block_1_13' title="bbox 857 899 913 931">
    <p class='ocr_par' dir='ltr' id='par_1_16' title="bbox 857 899 913 931">
     <span class='ocr_line' id='line_1_49' title="bbox 857 899 913 931; baseline 0.018 -1"><span class='ocrx_word' id='word_1_153' title='bbox 857 899 913 931; x_wconf 87' lang='lat'>25.</span> 
     </span>
    </p>
   </div>
   <div class='ocr_carea' id='block_1_14' title="bbox 858 1137 914 1169">
    <p class='ocr_par' dir='ltr' id='par_1_17' title="bbox 858 1137 914 1169">
     <span class='ocr_line' id='line_1_50' title="bbox 858 1137 914 1169; baseline -0.018 0"><span class='ocrx_word' id='word_1_154' title='bbox 858 1137 914 1169; x_wconf 80' lang='lat'>30.</span> 
     </span>
    </p>
   </div>
   <div class='ocr_carea' id='block_1_15' title="bbox 857 1386 911 1418">
    <p class='ocr_par' dir='ltr' id='par_1_18' title="bbox 857 1386 911 1418">
     <span class='ocr_line' id='line_1_51' title="bbox 857 1386 911 1418; baseline -0.019 0"><span class='ocrx_word' id='word_1_155' title='bbox 857 1386 911 1418; x_wconf 88' lang='lat'>35.</span> 
     </span>
    </p>
   </div>
   <div class='ocr_carea' id='block_1_16' title="bbox 856 1624 912 1657">
    <p class='ocr_par' dir='ltr' id='par_1_19' title="bbox 856 1624 912 1657">
     <span class='ocr_line' id='line_1_52' title="bbox 856 1624 912 1657; baseline 0.018 -1"><span class='ocrx_word' id='word_1_156' title='bbox 856 1624 912 1657; x_wconf 83' lang='lat'>40.</span> 
     </span>
    </p>
   </div>
   <div class='ocr_carea' id='block_1_17' title="bbox 857 2372 913 2406">
    <p class='ocr_par' dir='ltr' id='par_1_20' title="bbox 857 2372 913 2406">
     <span class='ocr_line' id='line_1_53' title="bbox 857 2372 913 2406; baseline 0.018 -1"><span class='ocrx_word' id='word_1_157' title='bbox 857 2372 913 2406; x_wconf 87' lang='lat'>10.</span> 
     </span>
    </p>
   </div>
   <div class='ocr_carea' id='block_1_18' title="bbox 925 230 1482 1225">
    <p class='ocr_par' dir='ltr' id='par_1_21' title="bbox 927 230 1412 416">
     <span class='ocr_line' id='line_1_54' title="bbox 927 230 1398 270; baseline -0.004 -6"><span class='ocrx_word' id='word_1_158' title='bbox 927 230 1059 264; x_wconf 87' lang='lat' dir='ltr'>Morbos</span> <span class='ocrx_word' id='word_1_159' title='bbox 1084 239 1192 263; x_wconf 86' lang='lat' dir='ltr'>omnes</span> <span class='ocrx_word' id='word_1_160' title='bbox 1217 238 1398 270; x_wconf 75' lang='lat' dir='ltr'>sanaveras,</span> 
     </span>
     <span class='ocr_line' id='line_1_55' title="bbox 928 278 1412 320; baseline -0.002 -10"><span class='ocrx_word' id='word_1_161' title='bbox 928 279 1043 311; x_wconf 86' lang='lat' dir='ltr'>Totum</span> <span class='ocrx_word' id='word_1_162' title='bbox 1068 278 1178 311; x_wconf 90' lang='lat' dir='ltr'>orbem</span> <span class='ocrx_word' id='word_1_163' title='bbox 1203 278 1412 320; x_wconf 84' lang='lat' dir='ltr'>formaveras,</span> 
     </span>
     <span class='ocr_line' id='line_1_56' title="bbox 928 326 1283 359; baseline -0.006 0"><span class='ocrx_word' id='word_1_164' title='bbox 928 327 977 359; x_wconf 89' lang='lat' dir='ltr'>Tu</span> <span class='ocrx_word' id='word_1_165' title='bbox 1002 326 1121 358; x_wconf 87' lang='lat' dir='ltr'>virtute</span> <span class='ocrx_word' id='word_1_166' title='bbox 1145 326 1283 359; x_wconf 89' lang='lat' dir='ltr'>terribili</span> 
     </span>
     <span class='ocr_line' id='line_1_57' title="bbox 929 374 1280 416; baseline 0 -10"><span class='ocrx_word' id='word_1_167' title='bbox 929 374 1104 406; x_wconf 87' lang='lat' dir='ltr'>Daemonia</span> <span class='ocrx_word' id='word_1_168' title='bbox 1130 375 1280 416; x_wconf 83' lang='lat' dir='ltr'>ejeceraS,</span> 
     </span>
    </p>

    <p class='ocr_par' dir='ltr' id='par_1_22' title="bbox 927 421 1398 558">
     <span class='ocr_line' id='line_1_58' title="bbox 928 421 1300 454; baseline -0.005 0"><span class='ocrx_word' id='word_1_169' title='bbox 928 422 976 454; x_wconf 85' lang='lat' dir='ltr'>Tu</span> <span class='ocrx_word' id='word_1_170' title='bbox 1001 422 1119 453; x_wconf 76' lang='lat' dir='ltr'>virtute</span> <span class='ocrx_word' id='word_1_171' title='bbox 1144 421 1300 454; x_wconf 86' lang='lat' dir='ltr'>consimili</span> 
     </span>
     <span class='ocr_line' id='line_1_59' title="bbox 927 471 1398 510; baseline -0.006 -8"><span class='ocrx_word' id='word_1_172' title='bbox 927 471 1044 502; x_wconf 87' lang='lat' dir='ltr'>Hostes</span> <span class='ocrx_word' id='word_1_173' title='bbox 1069 472 1140 502; x_wconf 90' lang='lat' dir='ltr'>tuos</span> <span class='ocrx_word' id='word_1_174' title='bbox 1165 472 1398 510; x_wconf 88' lang='lat' dir='ltr'>prostraveras,</span> 
     </span>
     <span class='ocr_line' id='line_1_60' title="bbox 927 515 1308 558; baseline -0.005 -8"><span class='ocrx_word' id='word_1_175' title='bbox 927 518 990 550; x_wconf 90' lang='lat' dir='ltr'>Sed</span> <span class='ocrx_word' id='word_1_176' title='bbox 1016 515 1140 549; x_wconf 81' lang='lat' dir='ltr'>adfixus</span> <span class='ocrx_word' id='word_1_177' title='bbox 1164 516 1308 558; x_wconf 81' lang='lat' dir='ltr'>patibulo</span> 
     </span>
    </p>

    <p class='ocr_par' dir='ltr' id='par_1_23' title="bbox 926 563 1482 799">
     <span class='ocr_line' id='line_1_61' title="bbox 926 563 1332 607; baseline -0.002 -10"><span class='ocrx_word' id='word_1_178' title='bbox 926 565 1017 597; x_wconf 88' lang='lat' dir='ltr'>Patri</span> <span class='ocrx_word' id='word_1_179' title='bbox 1042 563 1145 597; x_wconf 87' lang='lat' dir='ltr'>factus</span> <span class='ocrx_word' id='word_1_180' title='bbox 1170 564 1332 607; x_wconf 87' lang='lat' dir='ltr'>obediens,</span> 
     </span>
     <span class='ocr_line' id='line_1_62' title="bbox 928 612 1360 653; baseline -0.005 -8"><span class='ocrx_word' id='word_1_181' title='bbox 928 612 1026 645; x_wconf 82' lang='lat' dir='ltr'>Jussu</span> <span class='ocrx_word' id='word_1_182' title='bbox 1049 614 1151 653; x_wconf 85' lang='lat' dir='ltr'>patris</span> <span class='ocrx_word' id='word_1_183' title='bbox 1173 613 1207 644; x_wconf 88' lang='lat' dir='ltr'>in</span> <span class='ocrx_word' id='word_1_184' title='bbox 1234 612 1360 644; x_wconf 85' lang='lat' dir='ltr'>vinculo</span> 
     </span>
     <span class='ocr_line' id='line_1_63' title="bbox 928 659 1434 700; baseline -0.004 -9"><span class='ocrx_word' id='word_1_185' title='bbox 928 660 1060 692; x_wconf 88' lang='lat' dir='ltr'>Vinctus</span> <span class='ocrx_word' id='word_1_186' title='bbox 1085 669 1215 693; x_wconf 89' lang='lat' dir='ltr'>manens</span> <span class='ocrx_word' id='word_1_187' title='bbox 1243 662 1276 691; x_wconf 85' lang='lat' dir='ltr'>et</span> <span class='ocrx_word' id='word_1_188' title='bbox 1298 659 1434 700; x_wconf 82' lang='lat' dir='ltr'>patiens,</span> 
     </span>
     <span class='ocr_line' id='line_1_64' title="bbox 929 706 1482 748; baseline -0.005 -9"><span class='ocrx_word' id='word_1_189' title='bbox 929 708 989 747; x_wconf 80' lang='lat' dir='ltr'>Qui</span> <span class='ocrx_word' id='word_1_190' title='bbox 1004 708 1084 748; x_wconf 85' lang='lat' dir='ltr'>vult,</span> <span class='ocrx_word' id='word_1_191' title='bbox 1104 708 1188 748; x_wconf 87' lang='lat' dir='ltr'>quod</span> <span class='ocrx_word' id='word_1_192' title='bbox 1205 707 1289 739; x_wconf 84' lang='lat' dir='ltr'>hanc</span> <span class='ocrx_word' id='word_1_193' title='bbox 1306 706 1482 747; x_wconf 85' lang='lat' dir='ltr'>angustiam</span> 
     </span>
     <span class='ocr_line' id='line_1_65' title="bbox 927 754 1333 799; baseline -0.002 -11"><span class='ocrx_word' id='word_1_194' title='bbox 927 756 974 788; x_wconf 87' lang='lat' dir='ltr'>Ut</span> <span class='ocrx_word' id='word_1_195' title='bbox 997 754 1140 787; x_wconf 89' lang='lat' dir='ltr'>infirmus</span> <span class='ocrx_word' id='word_1_196' title='bbox 1165 755 1333 799; x_wconf 86' lang='lat' dir='ltr'>sustineas,</span> 
     </span>
    </p>

    <p class='ocr_par' dir='ltr' id='par_1_24' title="bbox 928 803 1341 844">
     <span class='ocr_line' id='line_1_66' title="bbox 928 803 1341 844; baseline 0 -9"><span class='ocrx_word' id='word_1_197' title='bbox 928 803 997 835; x_wconf 85' lang='lat' dir='ltr'>Nec</span> <span class='ocrx_word' id='word_1_198' title='bbox 1022 803 1139 835; x_wconf 84' lang='lat' dir='ltr'>dictam</span> <span class='ocrx_word' id='word_1_199' title='bbox 1164 803 1341 844; x_wconf 84' lang='lat' dir='ltr'>potentiam</span> 
     </span>
    </p>

    <p class='ocr_par' dir='ltr' id='par_1_25' title="bbox 927 851 1434 1075">
     <span class='ocr_line' id='line_1_67' title="bbox 927 851 1332 889; baseline 0 -6"><span class='ocrx_word' id='word_1_200' title='bbox 927 851 974 883; x_wconf 88' lang='lat' dir='ltr'>Te</span> <span class='ocrx_word' id='word_1_201' title='bbox 997 851 1137 883; x_wconf 89' lang='lat' dir='ltr'>liberans</span> <span class='ocrx_word' id='word_1_202' title='bbox 1164 859 1332 889; x_wconf 82' lang='lat' dir='ltr'>exerceas;</span> 
     </span>
     <span class='ocr_line' id='line_1_68' title="bbox 929 899 1341 939; baseline -0.002 -8"><span class='ocrx_word' id='word_1_203' title='bbox 929 899 1130 939; x_wconf 79' lang='lat' dir='ltr'>Quapropter</span> <span class='ocrx_word' id='word_1_204' title='bbox 1153 902 1208 931; x_wconf 91' lang='lat' dir='ltr'>tuo</span> <span class='ocrx_word' id='word_1_205' title='bbox 1233 899 1341 931; x_wconf 88' lang='lat' dir='ltr'>sensui</span> 
     </span>
     <span class='ocr_line' id='line_1_69' title="bbox 929 946 1326 979; baseline 0 0"><span class='ocrx_word' id='word_1_206' title='bbox 929 946 1109 979; x_wconf 88' lang='lat' dir='ltr'>Condolens</span> <span class='ocrx_word' id='word_1_207' title='bbox 1134 946 1326 979; x_wconf 84' lang='lat' dir='ltr'>naturaliter</span> 
     </span>
     <span class='ocr_line' id='line_1_70' title="bbox 927 993 1434 1034; baseline -0.002 -8"><span class='ocrx_word' id='word_1_208' title='bbox 927 994 1105 1027; x_wconf 83' lang='lat' dir='ltr'>Clamorem</span> <span class='ocrx_word' id='word_1_209' title='bbox 1130 993 1256 1027; x_wconf 84' lang='lat' dir='ltr'>confers</span> <span class='ocrx_word' id='word_1_210' title='bbox 1280 993 1434 1034; x_wconf 84' lang='lat' dir='ltr'>planctui,</span> 
     </span>
     <span class='ocr_line' id='line_1_71' title="bbox 927 1041 1336 1075; baseline 0.002 -2"><span class='ocrx_word' id='word_1_211' title='bbox 927 1041 1045 1073; x_wconf 88' lang='lat' dir='ltr'>Dicens</span> <span class='ocrx_word' id='word_1_212' title='bbox 1070 1041 1336 1075; x_wconf 84' lang='lat' dir='ltr'>lamentabiliter:</span> 
     </span>
    </p>

    <p class='ocr_par' dir='ltr' id='par_1_26' title="bbox 925 1089 1433 1225">
     <span class='ocr_line' id='line_1_72' title="bbox 926 1089 1405 1129; baseline -0.002 -7"><span class='ocrx_word' id='word_1_213' title='bbox 926 1089 995 1129; x_wconf 67' lang='lat' dir='ltr'>Eli,</span> <span class='ocrx_word' id='word_1_214' title='bbox 1020 1089 1080 1121; x_wconf 67' lang='lat' dir='ltr'>Eli</span> <span class='ocrx_word' id='word_1_215' title='bbox 1102 1089 1194 1122; x_wconf 81' lang='lat' dir='ltr'>Zama</span> <span class='ocrx_word' id='word_1_216' title='bbox 1216 1089 1405 1128; x_wconf 67' lang='lat' dir='ltr'>sabactani,-</span> 
     </span>
     <span class='ocr_line' id='line_1_73' title="bbox 927 1137 1433 1180; baseline 0 -12"><span class='ocrx_word' id='word_1_217' title='bbox 927 1137 986 1169; x_wconf 80' lang='lat' dir='ltr'>hoc</span> <span class='ocrx_word' id='word_1_218' title='bbox 1010 1140 1063 1180; x_wconf 74' lang='lat' dir='ltr'>est,</span> <span class='ocrx_word' id='word_1_219' title='bbox 1089 1137 1191 1178; x_wconf 79' lang='lat' dir='ltr'>Deus,</span> <span class='ocrx_word' id='word_1_220' title='bbox 1216 1137 1308 1170; x_wconf 77' lang='lat' dir='ltr'>Deus</span> <span class='ocrx_word' id='word_1_221' title='bbox 1331 1146 1433 1176; x_wconf 82' lang='lat' dir='ltr'>meus,</span> 
     </span>
     <span class='ocr_line' id='line_1_74' title="bbox 925 1184 1371 1225; baseline 0 -8"><span class='ocrx_word' id='word_1_222' title='bbox 925 1187 964 1217; x_wconf 67' lang='lat' dir='ltr'><strong><em>w</em></strong></span> <span class='ocrx_word' id='word_1_223' title='bbox 986 1184 1068 1225; x_wconf 72' lang='lat' dir='ltr'>quid</span> <span class='ocrx_word' id='word_1_224' title='bbox 1090 1184 1288 1225; x_wconf 69' lang='lat' dir='ltr'>dereliquisti</span> <span class='ocrx_word' id='word_1_225' title='bbox 1310 1194 1371 1218; x_wconf 81' lang='lat' dir='ltr'>me.</span> 
     </span>
    </p>
   </div>
   <div class='ocr_carea' id='block_1_19' title="bbox 924 1242 1448 1808">
    <p class='ocr_par' dir='ltr' id='par_1_27' title="bbox 924 1242 1448 1715">
     <span class='ocr_line' id='line_1_75' title="bbox 975 1242 1377 1284; baseline -0.002 -9"><span class='ocrx_word' id='word_1_226' title='bbox 975 1242 999 1275; x_wconf 95' lang='grc' dir='ltr'>Ο</span> <span class='ocrx_word' id='word_1_227' title='bbox 1027 1242 1198 1275; x_wconf 89' lang='lat' dir='ltr'>lamentum</span> <span class='ocrx_word' id='word_1_228' title='bbox 1219 1243 1377 1284; x_wconf 86' lang='lat' dir='ltr'>mirabile,</span> 
     </span>
     <span class='ocr_line' id='line_1_76' title="bbox 928 1289 1385 1331; baseline 0.002 -10"><span class='ocrx_word' id='word_1_229' title='bbox 928 1290 1068 1322; x_wconf 87' lang='lat' dir='ltr'>Salutem</span> <span class='ocrx_word' id='word_1_230' title='bbox 1093 1299 1189 1331; x_wconf 87' lang='lat' dir='ltr'>agens</span> <span class='ocrx_word' id='word_1_231' title='bbox 1213 1289 1385 1331; x_wconf 90' lang='lat' dir='ltr'>hominum,</span> 
     </span>
     <span class='ocr_line' id='line_1_77' title="bbox 929 1338 1364 1378; baseline 0.002 -9"><span class='ocrx_word' id='word_1_232' title='bbox 929 1338 953 1370; x_wconf 94' lang='grc' dir='ltr'>Ο</span> <span class='ocrx_word' id='word_1_233' title='bbox 979 1338 1130 1370; x_wconf 88' lang='lat' dir='ltr'>innocens</span> <span class='ocrx_word' id='word_1_234' title='bbox 1157 1347 1211 1370; x_wconf 88' lang='lat' dir='ltr'>cor</span> <span class='ocrx_word' id='word_1_235' title='bbox 1234 1338 1364 1378; x_wconf 89' lang='lat' dir='ltr'>humile,</span> 
     </span>
     <span class='ocr_line' id='line_1_78' title="bbox 926 1385 1448 1428; baseline -0.002 -10"><span class='ocrx_word' id='word_1_236' title='bbox 926 1386 1049 1418; x_wconf 83' lang='lat' dir='ltr'>Poenas</span> <span class='ocrx_word' id='word_1_237' title='bbox 1076 1385 1246 1426; x_wconf 87' lang='lat' dir='ltr'>deplorans</span> <span class='ocrx_word' id='word_1_238' title='bbox 1273 1386 1448 1428; x_wconf 86' lang='lat' dir='ltr'>criminum,</span> 
     </span>
     <span class='ocr_line' id='line_1_79' title="bbox 925 1432 1410 1475; baseline 0.004 -11"><span class='ocrx_word' id='word_1_239' title='bbox 925 1433 981 1465; x_wconf 89' lang='lat' dir='ltr'>Ad</span> <span class='ocrx_word' id='word_1_240' title='bbox 1004 1435 1037 1464; x_wconf 89' lang='lat' dir='ltr'>te</span> <span class='ocrx_word' id='word_1_241' title='bbox 1057 1432 1123 1465; x_wconf 86' lang='lat' dir='ltr'>fert</span> <span class='ocrx_word' id='word_1_242' title='bbox 1146 1442 1198 1465; x_wconf 90' lang='lat' dir='ltr'>me</span> <span class='ocrx_word' id='word_1_243' title='bbox 1223 1434 1410 1475; x_wconf 82' lang='lat' dir='ltr'>compassio,</span> 
     </span>
     <span class='ocr_line' id='line_1_80' title="bbox 925 1481 1349 1521; baseline 0.002 -8"><span class='ocrx_word' id='word_1_244' title='bbox 925 1481 989 1513; x_wconf 90' lang='lat' dir='ltr'>Pro</span> <span class='ocrx_word' id='word_1_245' title='bbox 1013 1489 1065 1512; x_wconf 92' lang='lat' dir='ltr'>me</span> <span class='ocrx_word' id='word_1_246' title='bbox 1088 1483 1121 1513; x_wconf 85' lang='lat' dir='ltr'>te</span> <span class='ocrx_word' id='word_1_247' title='bbox 1145 1481 1214 1521; x_wconf 85' lang='lat' dir='ltr'>pati</span> <span class='ocrx_word' id='word_1_248' title='bbox 1238 1483 1349 1521; x_wconf 87' lang='lat' dir='ltr'>sentio,</span> 
     </span>
     <span class='ocr_line' id='line_1_81' title="bbox 926 1529 1303 1569; baseline -0.003 -8"><span class='ocrx_word' id='word_1_249' title='bbox 926 1529 1013 1561; x_wconf 88' lang='lat' dir='ltr'>Ante</span> <span class='ocrx_word' id='word_1_250' title='bbox 1036 1531 1070 1560; x_wconf 89' lang='lat' dir='ltr'>te</span> <span class='ocrx_word' id='word_1_251' title='bbox 1093 1537 1145 1561; x_wconf 90' lang='lat' dir='ltr'>me</span> <span class='ocrx_word' id='word_1_252' title='bbox 1168 1529 1303 1569; x_wconf 86' lang='lat' dir='ltr'>projicio</span> 
     </span>
     <span class='ocr_line' id='line_1_82' title="bbox 926 1575 1376 1616; baseline 0 -8"><span class='ocrx_word' id='word_1_253' title='bbox 926 1576 1107 1616; x_wconf 85' lang='lat' dir='ltr'>Tecumque</span> <span class='ocrx_word' id='word_1_254' title='bbox 1131 1578 1251 1609; x_wconf 89' lang='lat' dir='ltr'>luctum</span> <span class='ocrx_word' id='word_1_255' title='bbox 1276 1575 1376 1616; x_wconf 86' lang='lat' dir='ltr'>facio;</span> 
     </span>
     <span class='ocr_line' id='line_1_83' title="bbox 924 1624 1333 1656; baseline 0.002 -1"><span class='ocrx_word' id='word_1_256' title='bbox 924 1624 1008 1656; x_wconf 84' lang='lat' dir='ltr'>Nam</span> <span class='ocrx_word' id='word_1_257' title='bbox 1032 1624 1094 1655; x_wconf 91' lang='lat' dir='ltr'>iste</span> <span class='ocrx_word' id='word_1_258' title='bbox 1118 1626 1221 1656; x_wconf 88' lang='lat' dir='ltr'>luctus</span> <span class='ocrx_word' id='word_1_259' title='bbox 1245 1624 1333 1656; x_wconf 83' lang='lat' dir='ltr'>utilis</span> 
     </span>
     <span class='ocr_line' id='line_1_84' title="bbox 925 1671 1320 1715; baseline 0.003 -12"><span class='ocrx_word' id='word_1_260' title='bbox 925 1672 988 1704; x_wconf 85' lang='lat' dir='ltr'>Est</span> <span class='ocrx_word' id='word_1_261' title='bbox 1011 1672 1088 1703; x_wconf 90' lang='lat' dir='ltr'>mihi</span> <span class='ocrx_word' id='word_1_262' title='bbox 1111 1682 1171 1713; x_wconf 90' lang='lat' dir='ltr'>pro</span> <span class='ocrx_word' id='word_1_263' title='bbox 1196 1671 1320 1715; x_wconf 88' lang='lat' dir='ltr'>solatio,</span> 
     </span>
    </p>

    <p class='ocr_par' dir='ltr' id='par_1_28' title="bbox 926 1719 1335 1808">
     <span class='ocr_line' id='line_1_85' title="bbox 928 1719 1327 1760; baseline 0 -9"><span class='ocrx_word' id='word_1_264' title='bbox 928 1720 988 1758; x_wconf 79' lang='lat' dir='ltr'>Qui</span> <span class='ocrx_word' id='word_1_265' title='bbox 1011 1719 1088 1752; x_wconf 89' lang='lat' dir='ltr'>mihi</span> <span class='ocrx_word' id='word_1_266' title='bbox 1110 1719 1327 1760; x_wconf 87' lang='lat' dir='ltr'>praemiabilis</span> 
     </span>
     <span class='ocr_line' id='line_1_86' title="bbox 926 1767 1335 1808; baseline 0.005 -10"><span class='ocrx_word' id='word_1_267' title='bbox 926 1767 976 1799; x_wconf 85' lang='lat' dir='ltr'>Sit</span> <span class='ocrx_word' id='word_1_268' title='bbox 998 1768 1032 1799; x_wconf 93' lang='lat' dir='ltr'>in</span> <span class='ocrx_word' id='word_1_269' title='bbox 1057 1770 1186 1800; x_wconf 85' lang='lat' dir='ltr'>aeterno</span> <span class='ocrx_word' id='word_1_270' title='bbox 1211 1767 1335 1808; x_wconf 87' lang='lat' dir='ltr'>gaudio.</span> 
     </span>
    </p>
   </div>
   <div class='ocr_carea' id='block_1_20' title="bbox 1146 1874 1185 1907">
    <p class='ocr_par' dir='ltr' id='par_1_29' title="bbox 1146 1874 1185 1907">
     <span class='ocr_line' id='line_1_87' title="bbox 1146 1874 1185 1907; baseline 0.026 -1"><span class='ocrx_word' id='word_1_271' title='bbox 1146 1874 1185 1907; x_wconf 88' lang='lat' dir='ltr'>V.</span> 
     </span>
    </p>
   </div>
   <div class='ocr_carea' id='block_1_21' title="bbox 904 1940 1317 1983">
    <p class='ocr_par' dir='ltr' id='par_1_30' title="bbox 904 1940 1317 1983">
     <span class='ocr_line' id='line_1_88' title="bbox 904 1940 1317 1983; baseline 0.002 -10"><span class='ocrx_word' id='word_1_272' title='bbox 904 1966 912 1973; x_wconf 96' lang='lat'>.</span> <span class='ocrx_word' id='word_1_273' title='bbox 926 1943 1005 1975; x_wconf 79' lang='lat' dir='ltr'>Jesu</span> <span class='ocrx_word' id='word_1_274' title='bbox 1031 1941 1133 1973; x_wconf 82' lang='lat' dir='ltr'>dulcis</span> <span class='ocrx_word' id='word_1_275' title='bbox 1155 1940 1317 1983; x_wconf 79' lang='lat' dir='ltr'>memoria,</span> 
     </span>
    </p>
   </div>
   <div class='ocr_carea' id='block_1_22' title="bbox 926 1989 1304 2129">
    <p class='ocr_par' dir='ltr' id='par_1_31' title="bbox 926 1989 1304 2129">
     <span class='ocr_line' id='line_1_89' title="bbox 927 1989 1262 2030; baseline 0 -9"><span class='ocrx_word' id='word_1_276' title='bbox 927 1989 1097 2022; x_wconf 89' lang='lat' dir='ltr'>Sitibunda</span> <span class='ocrx_word' id='word_1_277' title='bbox 1122 1989 1262 2030; x_wconf 84' lang='lat' dir='ltr'>dilectio,</span> 
     </span>
     <span class='ocr_line' id='line_1_90' title="bbox 926 2036 1298 2079; baseline -0.003 -9"><span class='ocrx_word' id='word_1_278' title='bbox 926 2037 1016 2077; x_wconf 82' lang='lat' dir='ltr'>Jesu,</span> <span class='ocrx_word' id='word_1_279' title='bbox 1043 2037 1145 2069; x_wconf 87' lang='lat' dir='ltr'>dulcis</span> <span class='ocrx_word' id='word_1_280' title='bbox 1169 2036 1298 2079; x_wconf 88' lang='lat' dir='ltr'>fiducia,</span> 
     </span>
     <span class='ocr_line' id='line_1_91' title="bbox 926 2084 1304 2129; baseline -0.003 -11"><span class='ocrx_word' id='word_1_281' title='bbox 926 2084 1136 2118; x_wconf 83' lang='lat' dir='ltr'>Laetabunda</span> <span class='ocrx_word' id='word_1_282' title='bbox 1159 2084 1304 2129; x_wconf 81' lang='lat' dir='ltr'>refectio,</span> 
     </span>
    </p>
   </div>
   <div class='ocr_carea' id='block_1_23' title="bbox 904 2134 1377 2166">
    <p class='ocr_par' dir='ltr' id='par_1_32' title="bbox 904 2134 1377 2166">
     <span class='ocr_line' id='line_1_92' title="bbox 904 2134 1377 2166; baseline 0.002 -1"><span class='ocrx_word' id='word_1_283' title='bbox 904 2158 911 2165; x_wconf 91' lang='lat'>.</span> <span class='ocrx_word' id='word_1_284' title='bbox 926 2134 1010 2166; x_wconf 84' lang='lat' dir='ltr'>Dum</span> <span class='ocrx_word' id='word_1_285' title='bbox 1032 2136 1181 2166; x_wconf 79' lang='lat' dir='ltr'>extensus</span> <span class='ocrx_word' id='word_1_286' title='bbox 1206 2134 1377 2166; x_wconf 81' lang='lat' dir='ltr'>exsisteres</span> 
     </span>
    </p>
   </div>
   <div class='ocr_carea' id='block_1_24' title="bbox 926 2182 1421 2456">
    <p class='ocr_par' dir='ltr' id='par_1_33' title="bbox 928 2182 1310 2225">
     <span class='ocr_line' id='line_1_93' title="bbox 928 2182 1310 2225; baseline 0.003 -12"><span class='ocrx_word' id='word_1_287' title='bbox 928 2182 1031 2222; x_wconf 88' lang='lat' dir='ltr'>Super</span> <span class='ocrx_word' id='word_1_288' title='bbox 1052 2191 1142 2214; x_wconf 87' lang='lat' dir='ltr'>aram</span> <span class='ocrx_word' id='word_1_289' title='bbox 1162 2182 1310 2225; x_wconf 86' lang='lat' dir='ltr'>patibuli,</span> 
     </span>
    </p>

    <p class='ocr_par' dir='ltr' id='par_1_34' title="bbox 926 2230 1421 2456">
     <span class='ocr_line' id='line_1_94' title="bbox 926 2230 1353 2271; baseline 0 -9"><span class='ocrx_word' id='word_1_290' title='bbox 926 2230 1012 2262; x_wconf 90' lang='lat' dir='ltr'>Dum</span> <span class='ocrx_word' id='word_1_291' title='bbox 1036 2230 1217 2263; x_wconf 88' lang='lat' dir='ltr'>immolatus</span> <span class='ocrx_word' id='word_1_292' title='bbox 1242 2239 1353 2271; x_wconf 85' lang='lat' dir='ltr'>ageres</span> 
     </span>
     <span class='ocr_line' id='line_1_95' title="bbox 928 2277 1339 2322; baseline 0.002 -12"><span class='ocrx_word' id='word_1_293' title='bbox 928 2277 1193 2318; x_wconf 84' lang='lat' dir='ltr'>Redemptionem</span> <span class='ocrx_word' id='word_1_294' title='bbox 1217 2279 1339 2322; x_wconf 81' lang='lat' dir='ltr'>populi,</span> 
     </span>
     <span class='ocr_line' id='line_1_96' title="bbox 927 2326 1399 2366; baseline 0.002 -9"><span class='ocrx_word' id='word_1_295' title='bbox 927 2326 1012 2358; x_wconf 85' lang='lat' dir='ltr'>Dnm</span> <span class='ocrx_word' id='word_1_296' title='bbox 1029 2329 1061 2357; x_wconf 88' lang='lat' dir='ltr'>te</span> <span class='ocrx_word' id='word_1_297' title='bbox 1078 2328 1198 2359; x_wconf 84' lang='lat' dir='ltr'>nudum</span> <span class='ocrx_word' id='word_1_298' title='bbox 1215 2326 1399 2366; x_wconf 79' lang='lat' dir='ltr'>adspiceret</span> 
     </span>
     <span class='ocr_line' id='line_1_97' title="bbox 926 2374 1407 2418; baseline 0.002 -12"><span class='ocrx_word' id='word_1_299' title='bbox 926 2374 1068 2406; x_wconf 83' lang='lat' dir='ltr'>Mundus</span> <span class='ocrx_word' id='word_1_300' title='bbox 1092 2374 1195 2407; x_wconf 89' lang='lat' dir='ltr'>instar</span> <span class='ocrx_word' id='word_1_301' title='bbox 1219 2376 1407 2418; x_wconf 82' lang='lat' dir='ltr'>spectaculi,</span> 
     </span>
     <span class='ocr_line' id='line_1_98' title="bbox 927 2422 1421 2456; baseline 0.002 -2"><span class='ocrx_word' id='word_1_302' title='bbox 927 2422 1013 2454; x_wconf 89' lang='lat' dir='ltr'>Dum</span> <span class='ocrx_word' id='word_1_303' title='bbox 1036 2423 1210 2455; x_wconf 86' lang='lat' dir='ltr'>lamentum</span> <span class='ocrx_word' id='word_1_304' title='bbox 1235 2424 1421 2456; x_wconf 78' lang='lat' dir='ltr'>ostenderet,</span> 
     </span>
    </p>
   </div>
  </div>
 </body>
</html>
