1653 2668
737 124 998 161 ——122—

225 226 278 260 69.
305 223 378 260 Una
400 227 579 265 serpentem
603 223 726 264 partica

348 274 483 306 Deserto
508 272 581 304 tulit
604 279 744 311 aeneum,

303 321 350 354 Ut
372 322 399 354 si
424 320 519 360 virus,
545 319 594 351 vis
618 319 723 351 toxica

348 366 876 410 QuemquamlaeseratHebraeum,

303 416 475 449 Sanaretur
498 415 608 447 videns
635 423 715 456 eum,

350 465 418 504 Ope
440 462 501 494 Dei
525 461 659 494 mirifica

302 510 503 551 Propellente
524 510 687 550 vipereum

347 559 440 591 Virus
464 557 582 590 virtute
607 557 708 591 deica.

222 636 274 668 70.
304 632 453 668 Columba
477 634 510 664 tu
534 633 710 673 simplicior

348 680 449 720 Omni,
475 682 580 712 turtur
603 681 778 721 humilium,

299 729 390 762 Salus
414 728 575 760 hominum
601 729 709 768 tutior,

346 775 467 809 Mundo
493 776 593 807 tulisti
618 776 767 817 gaudium

298 824 404 857 Enixa
427 822 488 855 Dei
512 822 621 864 filium,

347 871 438 904 Omni
463 879 582 903 veneno
608 870 723 904 fortior

298 919 461 951 Medicina
485 920 693 960 peccantium,

346 966 441 1007 Signo
466 967 622 1006 serpentis
648 968 834 1007 promptior.

219 1043 273 1077 71.
300 1040 350 1077 Tu
375 1051 407 1075 cs
427 1045 529 1085 porta,
556 1051 636 1082 quac
661 1043 820 1076 clauditur

343 1090 526 1131 Apertionis
547 1091 663 1131 nescia,

297 1138 347 1170 De
372 1146 433 1178 qua
456 1138 614 1177 propheta
637 1138 785 1179 loquitur,

342 1185 472 1218 Homini
494 1185 575 1217 nulli
598 1187 719 1227 pervia,

298 1233 365 1272 Qua
388 1232 450 1265 Dei
473 1233 630 1272 sapientia

343 1280 535 1321 Ingreditur,
565 1281 737 1323 egreditur,

295 1328 421 1360 Sernota
444 1328 595 1360 violentia

342 1377 403 1409 Per
417 1384 574 1415 egressum
587 1385 650 1408 non
664 1375 830 1419 frangitur.

213 1453 265 1485 72.
292 1449 467 1492 Virginitas
494 1454 542 1484 est,
562 1453 669 1493 janua,

342 1501 410 1541 Qua
435 1500 521 1532 coelo
547 1499 671 1541 fulgens
696 1501 791 1534 altius

296 1548 382 1581 Coeli
406 1556 469 1579 11011
493 1548 638 1588 linquens
663 1550 765 1582 ardua

339 1595 484 1636 Messias,
510 1597 572 1629 Dei
596 1595 690 1640 filius,

294 1644 470 1684 Conceptus
495 1646 552 1684 est,
574 1645 712 1677 exterius

342 1691 443 1724 Carne
468 1693 570 1724 tectus
595 1693 717 1733 exigua,

296 1739 416 1780 Corpus
441 1748 566 1771 sumens
591 1739 764 1780 perfectius

339 1787 391 1819 Ex
413 1788 456 1827 te,
481 1787 570 1828 virgo
595 1789 778 1830 praecipua.

213 1865 266 1898 73.
294 1860 383 1897 Sicut
407 1863 495 1895 sidus
519 1865 678 1904 perluitur

339 1910 449 1945 Infuso
474 1912 550 1944 solis
576 1913 704 1955 lumine,

292 1959 337 1992 Et
361 1969 399 1992 ex
424 1968 459 1991 eo
484 1960 540 1992 lux
562 1961 726 1994 mittititur

338 2007 413 2040 Sine
437 2007 552 2040 sideris
577 2007 741 2054 fragmine,

292 2055 345 2088 Sic
369 2057 438 2088 sine
464 2056 567 2088 carnis
593 2058 725 2090 crimine

338 2103 482 2137 Christus
506 2104 541 2136 111
564 2107 597 2137 te
622 2107 800 2147 concipitur

291 2151 335 2183 Et,
358 2154 390 2184 te
411 2154 558 2184 manente
581 2154 706 2195 virgine

337 2199 555 2241 Supernaliter
579 2202 690 2237 oritur.

212 2266 266 2299 74.
291 2263 385 2299 Vidit
408 2268 428 2300 J
431 2267 568 2300 ohannes
592 2270 760 2309 mysticum

340 2314 469 2356 Signum
490 2316 649 2356 quoddam
671 2319 829 2360 mirabile,

295 2362 383 2402 Quod
403 2362 437 2395 in
463 2364 549 2396 coelo
573 2366 796 2406 propheticum

336 2411 496 2453 Apparuit
520 2413 669 2456 notabile,

901 443 955 475 75.

896 854 951 886 76.

893 1265 949 1297 77.

892 1678 946 1711 78.

892 2083 946 2115 79.

978 222 1145 262 Nunquam
1171 220 1278 253 fuerat
1302 220 1406 253 simile

1027 269 1196 309 Prophetis
1222 268 1464 310 aenigmaticum

982 318 1113 358 Signum
1139 317 1257 358 datum,
1284 317 1361 358 quid
1387 316 1465 348 utile

1032 365 1250 398 Praetendens
1276 367 1308 396 et
1331 363 1511 396 mirificum.

982 439 1067 475 Erat
1090 450 1207 482 parens
1233 440 1422 473 coelestibus

1027 489 1157 521 Amicta
1181 489 1258 521 solis
1282 488 1411 528 lumine,

980 537 1101 570 Mulier
1124 537 1233 569 lunam
1256 536 1394 576 pedibus

1025 585 1224 625 Supponens,
1249 584 1338 624 cujus
1364 584 1500 616 culmine

980 632 1101 673 Capitis
1127 641 1186 672 pro
1211 632 1373 672 tegumine

1026 680 1204 713 Duodecim
1229 679 1389 712 sideribus

979 728 1105 760 Sertum
1130 727 1274 768 fulgebat,
1297 728 1426 768 1111111110,

1026 775 1098 808 Suis
1124 775 1228 816 plenis
1253 775 1441 810 visceribus,

977 849 1066 887 Nihil
1090 856 1124 884 te
1148 853 1250 893 magis
1274 853 1407 893 proprie

1028 902 1090 934 Per
1113 901 1208 933 istam
1232 900 1423 941 intelligitur

977 948 1157 989 Mulierem,
1184 957 1266 989 quae
1289 948 1373 980 serie

1023 997 1207 1036 Prophetae
1230 996 1322 1029 nobis
1347 996 1509 1038 panditur,

976 1044 1014 1076 In
1040 1047 1073 1076 te
1097 1053 1233 1084 namque
1257 1044 1436 1084 concipitur

1024 1092 1068 1124 Et
1094 1092 1195 1124 oritur
1215 1092 1361 1132 justitiae

976 1139 1079 1172 Verus
1104 1140 1162 1181 501,
1188 1140 1275 1172 1111ᾶο
1299 1140 1442 1180 sequitur

1024 1189 1170 1228 Regnum
1196 1188 1343 1220 coelestis
1369 1188 1484 1221 curiae.

975 1261 1053 1298 Tuis
1078 1265 1155 1296 luna
1179 1265 1369 1304 supponitur

1021 1312 1162 1344 Pedibus
1188 1315 1221 1344 et
1245 1312 1359 1344 militia

976 1359 1063 1393 Coeli
1087 1362 1155 1392 tota
1178 1360 1379 1401 protegitur,.

1021 1407 1124 1448 Caput
1150 1408 1348 1441 duodenaria

971 1456 1231 1489 Patriarcharum
1256 1456 1366 1500 gloria,

1019 1505 1105 1544 Quae
1129 1513 1189 1545 per
1213 1506 1246 1536 te
1270 1504 1480 1545 benedicitur,

970 1552 1015 1584 Et
1038 1552 1088 1585 bis
1114 1561 1192 1584 sena
1215 1552 1351 1585 victoria

1018 1601 1246 1640 Apostolorum
1271 1600 1400 1635 texitur.

972 1675 1121 1717 Repletis
1145 1677 1347 1718 plenitudine

1023 1725 1157 1758 Generis
1178 1726 1279 1758 omnis
1304 1726 1428 1767 gratiae

974 1774 1120 1814 Totaque
1143 1774 1348 1806 multitudine

1021 1822 1184 1854 Virtutum
1211 1824 1242 1853 et
1266 1822 1440 1863 potentiae,

975 1870 1024 1902 Tu
1050 1870 1146 1902 decus
1173 1870 1391 1913 excellentiae,

1020 1918 1071 1950 Tu
1094 1919 1151 1951 lux
1177 1927 1289 1950 carens
1314 1917 1458 1961 fuligine,

975 1965 1096 2006 Culpae
1120 1970 1155 1998 tu
1181 1967 1335 2007 splendor
1359 1967 1488 2009 gloriae,

1020 2014 1186 2047 Decorans
1211 2015 1363 2047 mundum
1389 2015 1516 2049 lumine.

973 2078 1013 2115 In
1038 2084 1071 2113 te
1095 2084 1196 2114 totum
1222 2081 1398 2122 perficitur,

1017 2129 1180 2170 Quidquid
1196 2130 1304 2162 verbis
1321 2130 1518 2170 propheticis

973 2177 1023 2210 De
1047 2181 1088 2221 te,
1116 2178 1217 2219 virgo,
1243 2178 1445 2219 praedicitur

1019 2226 1065 2258 Et
1088 2226 1168 2267 legis
1193 2226 1422 2267 aenigmaticis,

973 2273 1048 2306 Sive
1073 2275 1231 2316 quidquid
1256 2274 1408 2315 angelicis

1018 2322 1094 2355 Tibi
1117 2323 1225 2356 verbis
1252 2322 1450 2363 exprimitur,

972 2370 1089 2404 Finitis
1115 2371 1222 2404 verbis
1246 2370 1363 2411 typicis

1020 2419 1085 2452 Res
1109 2418 1279 2452 manifesta
1304 2417 1455 2451 cernitur.
