1653 2668
747 127 1009 168 -261—0-

221 229 278 263 16.
304 227 395 261 Solet
418 231 512 268 potus
536 228 666 270 tepidus
913 230 970 264 20.
996 229 1061 263 Hic
1085 230 1119 263 in
1142 231 1237 263 choro
1262 230 1373 270 tepide

351 285 504 309 nauseam
528 286 657 318 parare,
1044 279 1135 311 stetit
1160 287 1219 311 nec
1245 278 1385 311 cantavit

300 324 371 358 Nee
394 325 483 359 Deus
508 326 578 357 vult
602 325 746 366 tepidum
993 325 1037 359 Et
1061 327 1095 359 in
1119 326 1251 367 psalmis
1275 326 1415 359 maxime

348 373 411 407 sibi
434 373 568 414 sociare,
1043 374 1157 407 chorus
1181 374 1349 418 laboravit,

299 419 384 454 Nam
405 420 509 462 justus
534 426 570 453 ut
591 421 694 453 lilium
994 421 1088 455 Licet
1113 422 1226 463 dignus
1251 431 1316 455 non
1341 420 1412 465 fuit,

353 469 448 501 debet
474 470 664 514 germinare,
1043 470 1097 502 hic
1122 470 1347 511 consideravit,

301 515 376 549 Non
400 519 437 550 ut
460 516 540 550 fieus
564 516 655 550 fatua
993 517 1086 558 Quod
1109 518 1200 559 virgo
1224 517 1441 558 pulcherrima

347 568 467 598 terram
494 573 660 606 occupare.
1046 566 1167 598 cunetis
1192 565 1378 606 propinavit

225 624 281 657 17.
309 623 398 656 Sicut
423 622 526 656 noctis
551 626 699 663 ‘tempora
914 623 970 657 21.
997 622 1195 664 pigmentum
1223 623 1262 655 de
1287 622 1398 663 pixide

348 674 456 704 terrae
482 671 560 704 dant
583 671 758 712 humorem,
1045 671 1139 704 valde
1164 672 1306 712 pretiosa

306 719 360 752 Sic
385 722 516 752 sanctae
539 719 670 760 vigiliae
997 718 1042 752 Et
1066 719 1108 752 ad
1132 719 1237 760 ipsum
1262 719 1392 751 veniens

352 766 506 800 auferunt
529 770 675 807 teporem
1045 767 1136 807 quasi
1159 768 1306 800 taediosa

301 815 393 848 Bene
418 815 625 856 vigilanhibus
998 815 1212 848 pertransivit
1235 815 1379 855 tepidum

355 866 388 895 et
413 864 556 896 reddunt
581 871 719 896 amorem
1048 862 1133 896 facie
1155 872 1280 904 rugosa,

305 911 465 946 cordibus
490 912 696 952 psallentium
995 911 1082 950 Quae
1107 909 1169 943 fuit
1191 920 1271 951 prae
1295 909 1440 943 omnibus

354 960 435 992 coeli
463 959 570 992 dando
595 968 711 993 rorem.
1046 959 1141 991 rebus
1166 960 1321 1000 speciosa.

219 1017 275 1051 18.
299 1018 395 1051 Jesus
422 1017 638 1056 personaliter
915 1016 971 1049 22.
996 1015 1087 1049 Tune
1110 1016 1258 1057 cognovit,
1281 1015 1445 1057 physicus,

351 1068 399 1096 est
425 1064 459 1096 in
483 1064 674 1105 psalmodia,
1045 1063 1130 1103 quod
1157 1066 1227 1096 erat
1249 1064 1372 1106 illusus,

303 1113 432 1154 Angeli,
457 1112 597 1153 apostoli
998 1111 1135 1144 Abbazis
1158 1112 1290 1144 oonsilio

351 1163 384 1192 et
407 1160 498 1201 virgo
521 1159 630 1192 Maria
1035 1167 1127 1192 mane
1151 1158 1212 1191 fuit
1236 1168 1322 1202 usus,

303 1208 380 1242 Cum
407 1208 473 1241 suis
499 1207 676 1249 virginibus
1000 1206 1116 1240 Mollia
1142 1208 1299 1248 deposuit,

354 1259 387 1288 et
410 1257 583 1296 laetantur,
610 1256 685 1296 quia
1047 1264 1128 1295 quae
1152 1264 1217 1288 non
1241 1255 1339 1288 habet
1363 1264 1449 1294 usuS,

305 1306 359 1338 Ire
384 1313 442 1337 nos
468 1304 669 1344 conspiciunt
998 1302 1044 1336 Et
1067 1303 1163 1336 valde
1182 1303 1341 1344 poenituit,

352 1353 386 1385 in
411 1352 542 1385 coelesti
568 1351 629 1386 via.
1047 1352 1152 1384 animo
1179 1350 1339 1384 confusus.

220 1412 278 1445 19.
305 1410 384 1444 Fuit
409 1410 539 1451 quidam
564 1408 737 1442 monachus
917 1409 973 1443 23.
999 1407 1169 1441 Matutinis
1194 1408 1343 1441 laudibus

353 1458 489 1498 physica
514 1458 647 1497 peritus,
1049 1455 1177 1489 fortiter
1200 1457 1353 1497 intentus,

304 1507 336 1539 A
353 1509 513 1539 terrarum
539 1505 676 1538 dominis
998 1504 1160 1546 Vestibus,
1186 1504 1314 1537 cibariis

353 1555 488 1586 multum
512 1553 696 1594 requisitus,
1048 1553 1159 1586 vivens
1183 1554 1220 1585 ut
1245 1556 1429 1591 conventUS,

305 1602 409 1635 Laute
433 1608 624 1642 procuratus
651 1603 709 1641 est,
1003 1599 1049 1633 Et
1072 1601 1112 1633 ab
1137 1601 1193 1633 illo
1218 1604 1362 1640 tempore

352 1650 503 1683 mollibus
527 1649 673 1692 vestitus,
1048 1658 1208 1689 nunquam
1234 1647 1296 1681 fuit
1319 1649 1424 1680 lentus

306 1699 372 1733 Ivit
397 1698 441 1731 ad
465 1697 592 1739 vigilius
1001 1695 1072 1729 Nee
1096 1700 1146 1729 est
1166 1697 1201 1729 in
1226 1696 1358 1737 collegio

353 1747 482 1787 saepius
506 1746 637 1779 invitus
1049 1744 1163 1777 melior
1186 1746 1343 1778 inventus.

599 1805 656 1837 24.
681 1802 756 1836 Non
783 1803 837 1835 diu
861 1805 936 1843 post
957 1804 1083 1844 tempus
1105 1802 1168 1835 hoc

732 1852 851 1883 meruit
874 1851 987 1884 videre

688 1899 847 1933 Visionem
874 1898 1055 1941 pristinam,

732 1948 871 1989 qualiter
896 1946 1007 1980 fovere

686 1996 785 2037 Virgo
810 1997 892 2029 solet
917 1995 1101 2039 monachos,

733 2044 787 2086 qui
810 2045 926 2078 nolunt,
948 2047 1090 2085 torpere,

682 2093 728 2128 Et
751 2096 878 2134 partem
904 2102 975 2126 cum
1001 2093 1116 2126 ceteris

730 2142 848 2175 meruit
872 2141 1004 2175 habere.

298 2209 488 2240 Ood.Pa1a‡„
508 2209 714 2239 Vindobonen
736 2207 786 2245 (01.
808 2208 880 2237 Cam
880 2206 958 2245 p.en)
976 2205 1033 2237 883
1054 2215 1131 2235 saec
1152 2204 1228 2235 ²4l15
1249 2208 1284 2236 A.
1307 2222 1340 2226 —
1362 2207 1434 2236 Cod.
1449 2207 1547 2236 Palae

220 2249 428 2280 vindobonen.
448 2248 498 2283 (ol.
518 2246 729 2279 Lunaelacen.)
748 2245 824 2277 3848
845 2244 1045 2281 saee.15,B.
1069 2262 1103 2266 -
1126 2246 1196 2274 Cod.
1212 2246 1352 2275 Graecen.
1376 2244 1451 2276 1294
1472 2255 1549 2275 saec.

221 2288 267 2318 15
288 2285 322 2316 C.
344 2303 382 2308 -
404 2288 477 2317 Olm.
491 2289 646 2316 Monacen.
668 2285 745 2316 3594
764 2295 841 2315 saec.
865 2284 910 2314 15.
931 2287 967 2315 D.
989 2301 1026 2305 —
1048 2284 1118 2313 Cod.
1133 2284 1229 2313 Palat.
1244 2285 1450 2314 Vindobonen.
1474 2284 1548 2315 1420

220 2338 291 2357 anm
313 2325 397 2357 1548.
418 2328 454 2356 Ε.
475 2342 513 2346 -
533 2326 590 2354 Str.
612 2325 629 2353 7
650 2326 724 2354 fehlt
742 2327 778 2354 A.
798 2341 836 2345 —
858 2323 941 2360 11,1
962 2325 1030 2353 Non
1050 2324 1158 2353 debent
1171 2324 1229 2352 BC.
1246 2340 1284 2344 —
1306 2322 1350 2359 11,
1372 2322 1389 2353 2
1410 2326 1549 2354 monaehi

217 2368 277 2397 ΒΟ
302 2383 340 2388 —
372 2365 421 2401 11,
446 2364 466 2394 4
486 2366 593 2394 volunt
611 2365 670 2394 BG.
691 2381 729 2386 υ-
752 2363 846 2399 14,1
866 2373 902 2402 sq
903 2365 1067 2393 .stetimus
1087 2364 1194 2392 leviter
1216 2364 1250 2392 B.
1265 2377 1303 2384 —-
1326 2345 1375 2398 15,
1404 2362 1422 2392 3
1442 2364 1551 2393 Nullus

218 2410 319 2436 tamen
340 2408 373 2435 in
393 2415 428 2434 eo
447 2405 506 2435 BC.
527 2420 567 2426 ·——
589 2403 633 2438 15,
655 2403 672 2432 5
693 2404 736 2432 Ut
755 2404 826 2442 quid
839 2406 873 2432 B.
888 2419 926 2423 —
939 2401 986 2438 20,
1009 2402 1024 2431 1
1046 2403 1163 2440 tepidus
1176 2402 1234 2432 BC.
1245 2419 1284 2423 —
1297 2400 1342 2436 21,
1367 2385 1453 2441 ’1Pig
1454 2407 1555 2432 menta

216 2446 251 2475 B.
276 2461 317 2466 —-
337 2444 436 2482 24,1
458 2445 527 2473 Non
545 2446 616 2481 post
635 2414 773 2472 multumq
780 2444 921 2481 temporis
941 2442 976 2471 B.
999 2459 1036 2463 —
1057 2413 1143 2471 Nyach
1165 2440 1198 2479 2,
1227 2440 1244 2470 6
1265 2444 1306 2471 ist
1325 2442 1378 2472 das
1398 2442 1473 2472 Lied
1493 2452 1553 2472 von

219 2488 318 2515 einem
339 2484 560 2514 cisterciensem
